1964 3142
192 237 251 292 ne
273 237 405 292 antro
431 238 611 307 natrice,
636 239 711 294 rm.
731 239 779 293 rt.
846 254 879 308 23

93 379 190 432 diebus
208 379 355 447 acciderat,
371 381 429 432 sore
448 379 567 449 videbat,
585 388 622 445 ut,
642 380 664 431 si
683 390 775 432 essent
788 381 880 432 hostes

93 462 172 530 pulsi,
183 463 319 515 celeritate
332 462 481 529 periculum
494 463 658 531 effugerent;
678 472 770 514 tamen
783 471 880 515 nactus

93 544 198 612 equites
211 544 319 596 circiter
330 544 449 612 triginta,
463 561 531 612 quos
552 543 693 598 Commius
706 545 833 612 Atrebas,
846 544 881 597 de

93 641 147 695 quo
160 626 340 678 antedictum
350 635 399 692 est,
410 642 503 678 secum
511 636 751 694 transportaverat,
759 626 880 693 legiones

93 706 121 759 in
143 707 201 760 acie
223 724 271 775 pro
291 707 388 760 castris
408 707 556 760 constituit.
595 706 750 760 Commisso
773 707 880 775 proelio,

94 789 194 842 diutius
218 799 374 841 nostrorum
398 789 516 841 militum
537 789 672 857 impetum
692 788 786 842 hostes
811 788 880 841 serre

93 887 148 923 non
176 879 330 938 potuerunt,
355 887 387 922 ac
417 880 493 938 terga
517 879 662 924 verterunt.
701 871 777 938 Quos
802 880 879 923 tanto

93 954 183 1020 spatio
202 954 318 1021 sequuti,
340 961 474 1020 quantum
494 969 574 1006 cursu
597 962 624 1006 et
645 952 748 1005 viribus
772 952 880 1006 efficere

93 1044 246 1102 potuerunt,
271 1035 425 1102 complures
449 1050 482 1088 ex
506 1035 540 1087 iis
568 1035 738 1099 occiderunt3
771 1034 879 1103 deinde,

94 1116 222 1168 omnibus
243 1116 324 1183 longe
343 1116 452 1185 lateque
473 1116 581 1169 afflictis
601 1115 783 1185 incensisque,
805 1116 879 1169 sein

93 1207 184 1250 castra
196 1207 362 1266 receperunt.

128 1281 260 1332 XXXVI.
282 1280 389 1333 Eodem
403 1280 447 1333 die
459 1280 550 1348 legati,
563 1282 599 1333 ab
611 1280 737 1334 hostibus
753 1280 830 1334 missi
844 1281 880 1334 ad

96 1362 234 1414 Caesarem
247 1361 281 1416 de
294 1377 370 1428 pace,
384 1371 522 1414 venerunt.
562 1363 615 1414 His
630 1362 725 1415 Caesar
736 1379 881 1415 numerum

93 1444 229 1511 obsidum,
242 1460 325 1512 quem
342 1454 424 1496 antea
440 1444 629 1512 imperaverat,
647 1444 805 1512 duplicavit,
820 1460 878 1497 eos·

93 1525 187 1594 quein
204 1527 392 1579 continentem
411 1526 511 1580 adduci
528 1526 617 1595 jussit,
630 1526 713 1595 quod,
726 1527 880 1595 propinqua
936 1547 939 1555 ·

93 1608 138 1661 die
150 1607 316 1675 aequinoctii,
327 1607 441 1660 infirmis
449 1608 573 1675 navibus,
584 1608 667 1662 hiemi
676 1607 879 1675 navigationem

93 1689 293 1757 subjiciendam
306 1705 361 1741 non
372 1688 553 1743 existimabat
592 1691 663 1757 lpse,
674 1689 803 1743 idoneam
812 1698 880 1743 tem-

92 1781 229 1839 pestatem
241 1781 346 1839 nactus,
359 1770 441 1839 paulb
454 1780 516 1839 post
534 1770 656 1824 mediam
673 1781 784 1825 noctem
795 1787 880 1825 naves

93 1854 181 1920 solvit,
195 1869 257 1920 quae
275 1868 372 1905 omnes
391 1853 542 1906 incolumes
560 1853 596 1906 ad
615 1852 803 1906 continentem
821 1869 880 1922 per·

93 1944 240 1998 venerunt;
259 1935 308 1987 sed
328 1951 361 1987 ex
382 1935 426 1989 bis
447 1935 579 1988 onerariae
592 1935 654 1988 duae
677 1935 798 2004 eosdem,
811 1952 880 2004 quos

93 2019 212 2086 reliquae,
237 2022 331 2085 portus
355 2034 453 2085 capere
482 2035 537 2070 non
566 2027 721 2085 potuerunt,
746 2027 774 2071 et
798 2019 880 2086 paulo

93 2100 163 2152 inira
175 2099 274 2152 delatae
287 2108 357 2151 sunt.

128 2182 277 2233 XXXVII.
298 2180 404 2248 Quibus
417 2195 451 2232 ex
470 2180 587 2233 navibus
611 2197 696 2248 quum
720 2191 812 2234 essent
835 2196 880 2234 ex·

93 2263 174 2332 positi
188 2262 288 2316 milites
307 2262 414 2315 circiter
432 2263 554 2329 trecenti,
567 2272 650 2330 atque
668 2262 696 2315 in
714 2272 804 2316 castra
817 2281 879 2316 con·

92 2345 243 2413 tenderent,
258 2345 369 2411 Morini,
382 2361 451 2413 quos
471 2346 573 2411 Caesar,
587 2345 614 2396 in
635 2345 806 2399 Britanniam
819 2363 880 2414 pro·

92 2427 227 2494 ficiscens,
251 2437 365 2495 pacatos
390 2427 543 2495 reliquerat,
568 2444 617 2494 spe
636 2427 738 2494 praedae
759 2427 880 2496 adducti,

14 2536 19 2544 ·
92 2509 181 2579 primb
201 2527 257 2562 non
277 2509 315 2562 ita
336 2525 437 2576 magno
457 2525 569 2560 suorum
590 2525 703 2561 numero
724 2508 879 2562 circumste-

92 2601 191 2658 terunt,
205 2609 247 2657 ac,
259 2592 281 2644 si
296 2608 356 2643 sese
369 2590 483 2644 interfici
497 2590 609 2656 nollent,
622 2606 699 2642 arma
712 2607 814 2658 ponere
823 2592 879 2660 jus·

92 2684 191 2728 serunt.
231 2674 323 2740 Quum
342 2673 389 2740 illi,
415 2674 481 2725 orbe
504 2672 586 2737 fact0,
612 2688 672 2724 sese
694 2673 880 2741 defenderent,

91 2756 214 2810 celeriter
232 2756 268 2807 ad
288 2755 436 2807 clamorem
455 2753 598 2806 hominum
612 2754 719 2807 circiter
735 2756 821 2808 millia
834 2772 880 2810 sex
