<?xml version="1.0" encoding="UTF-8"?>
<!DOCTYPE html PUBLIC "-//W3C//DTD XHTML 1.0 Transitional//EN"
    "http://www.w3.org/TR/xhtml1/DTD/xhtml1-transitional.dtd">
<html xmlns="http://www.w3.org/1999/xhtml" xml:lang="en" lang="en">
 <head>
  <title>
</title>
<meta http-equiv="Content-Type" content="text/html;charset=utf-8" />
  <meta name='ocr-system' content='tesseract 3.04.00' />
  <meta name='ocr-capabilities' content='ocr_page ocr_carea ocr_par ocr_line ocrx_word'/>
</head>
<body>
  <div class='ocr_page' id='page_1' title='image "./gallicwarbookiv03whitgoog_0032.png"; bbox 0 0 1964 3142; ppageno 0'>
   <div class='ocr_carea' id='block_1_1' title="bbox 95 58 676 130">
    <p class='ocr_par' dir='ltr' id='par_1_1' title="bbox 95 58 676 130">
     <span class='ocr_line' id='line_1_1' title="bbox 95 58 676 130; baseline 0.003 -19"><span class='ocrx_word' id='word_1_1' title='bbox 95 64 128 111; x_wconf 74' lang='lat' dir='ltr'>ra</span> <span class='ocrx_word' id='word_1_2' title='bbox 300 59 329 115; x_wconf 82' lang='lat' dir='ltr'>c.</span> <span class='ocrx_word' id='word_1_3' title='bbox 354 58 470 130; x_wconf 75' lang='lat' dir='ltr'>Jurrr</span> <span class='ocrx_word' id='word_1_4' title='bbox 492 60 676 114; x_wconf 82' lang='lat' dir='ltr'><em>CAESARIS</em></span> 
     </span>
    </p>
   </div>
   <div class='ocr_carea' id='block_1_2' title="bbox 93 192 885 2641">
    <p class='ocr_par' dir='ltr' id='par_1_2' title="bbox 93 192 885 1089">
     <span class='ocr_line' id='line_1_2' title="bbox 94 192 884 267; baseline -0.003 -17"><span class='ocrx_word' id='word_1_5' title='bbox 94 192 164 250; x_wconf 74' lang='lat' dir='ltr'>inter</span> <span class='ocrx_word' id='word_1_6' title='bbox 188 196 310 267; x_wconf 66' lang='lat' dir='ltr'>attritum</span> <span class='ocrx_word' id='word_1_7' title='bbox 341 207 446 253; x_wconf 82' lang='lat' dir='ltr'>turmas</span> <span class='ocrx_word' id='word_1_8' title='bbox 474 199 680 265; x_wconf 75' lang='lat' dir='ltr'>insinuaverint,</span> <span class='ocrx_word' id='word_1_9' title='bbox 704 214 737 251; x_wconf 86' lang='lat' dir='ltr'>ex</span> <span class='ocrx_word' id='word_1_10' title='bbox 761 196 884 249; x_wconf 77' lang='lat' dir='ltr'>esssedis</span> 
     </span>
     <span class='ocr_line' id='line_1_3' title="bbox 93 277 884 351; baseline -0.001 -20"><span class='ocrx_word' id='word_1_11' title='bbox 93 278 223 335; x_wconf 73' lang='lat' dir='ltr'>desiliunt</span> <span class='ocrx_word' id='word_1_12' title='bbox 243 288 269 335; x_wconf 81' lang='lat' dir='ltr'>et</span> <span class='ocrx_word' id='word_1_13' title='bbox 291 281 407 351; x_wconf 76' lang='lat' dir='ltr'>pedibus</span> <span class='ocrx_word' id='word_1_14' title='bbox 431 282 599 351; x_wconf 49' lang='lat' dir='ltr'>proeliantur,</span> <span class='ocrx_word' id='word_1_15' title='bbox 637 280 748 348; x_wconf 82' lang='lat' dir='ltr'>Aurigae</span> <span class='ocrx_word' id='word_1_16' title='bbox 772 277 884 331; x_wconf 83' lang='lat' dir='ltr'>interim</span> 
     </span>
     <span class='ocr_line' id='line_1_4' title="bbox 94 360 885 432; baseline 0 -19"><span class='ocrx_word' id='word_1_17' title='bbox 94 360 225 431; x_wconf 72' lang='lat' dir='ltr'>punimini</span> <span class='ocrx_word' id='word_1_18' title='bbox 250 380 281 415; x_wconf 78' lang='lat' dir='ltr'>ex</span> <span class='ocrx_word' id='word_1_19' title='bbox 303 363 399 431; x_wconf 62' lang='lat' dir='ltr'>praelia</span> <span class='ocrx_word' id='word_1_20' title='bbox 421 363 564 430; x_wconf 84' lang='lat' dir='ltr'>excedunt,</span> <span class='ocrx_word' id='word_1_21' title='bbox 586 374 669 432; x_wconf 87' lang='lat' dir='ltr'>atque</span> <span class='ocrx_word' id='word_1_22' title='bbox 688 363 728 415; x_wconf 86' lang='lat' dir='ltr'>ita</span> <span class='ocrx_word' id='word_1_23' title='bbox 751 377 830 414; x_wconf 87' lang='lat' dir='ltr'>curru</span> <span class='ocrx_word' id='word_1_24' title='bbox 851 375 885 414; x_wconf 84' lang='lat' dir='ltr'>se</span> 
     </span>
     <span class='ocr_line' id='line_1_5' title="bbox 93 442 884 514; baseline 0.004 -21"><span class='ocrx_word' id='word_1_25' title='bbox 93 442 240 514; x_wconf 73' lang='lat' dir='ltr'>collocant,</span> <span class='ocrx_word' id='word_1_26' title='bbox 264 454 302 512; x_wconf 85' lang='lat' dir='ltr'>ut,</span> <span class='ocrx_word' id='word_1_27' title='bbox 321 444 343 497; x_wconf 81' lang='lat' dir='ltr'>al</span> <span class='ocrx_word' id='word_1_28' title='bbox 370 444 406 498; x_wconf 91' lang='lat' dir='ltr'>illi</span> <span class='ocrx_word' id='word_1_29' title='bbox 426 462 444 498; x_wconf 81' lang='lat' dir='ltr'>a</span> <span class='ocrx_word' id='word_1_30' title='bbox 461 446 636 498; x_wconf 88' lang='lat' dir='ltr'>multitudine</span> <span class='ocrx_word' id='word_1_31' title='bbox 654 445 774 497; x_wconf 89' lang='lat' dir='ltr'>hostium</span> <span class='ocrx_word' id='word_1_32' title='bbox 792 458 884 511; x_wconf 84' lang='lat' dir='ltr'>prem·</span> 
     </span>
     <span class='ocr_line' id='line_1_6' title="bbox 93 525 883 597; baseline -0.004 -18"><span class='ocrx_word' id='word_1_33' title='bbox 93 536 183 594; x_wconf 79' lang='lat' dir='ltr'>antrir,</span> <span class='ocrx_word' id='word_1_34' title='bbox 203 526 359 596; x_wconf 58' lang='lat' dir='ltr'>utraslitum</span> <span class='ocrx_word' id='word_1_35' title='bbox 378 528 414 582; x_wconf 84' lang='lat' dir='ltr'>arl</span> <span class='ocrx_word' id='word_1_36' title='bbox 434 544 497 582; x_wconf 81' lang='lat' dir='ltr'>suos</span> <span class='ocrx_word' id='word_1_37' title='bbox 515 539 655 597; x_wconf 86' lang='lat' dir='ltr'>receptum</span> <span class='ocrx_word' id='word_1_38' title='bbox 673 527 801 579; x_wconf 79' lang='lat' dir='ltr'>habeant</span> <span class='ocrx_word' id='word_1_39' title='bbox 839 525 883 577; x_wconf 84' lang='lat' dir='ltr'>lta</span> 
     </span>
     <span class='ocr_line' id='line_1_7' title="bbox 94 608 882 679; baseline -0.003 -19"><span class='ocrx_word' id='word_1_40' title='bbox 94 608 275 662; x_wconf 74' lang='lat' dir='ltr'>rrrolrilitatern</span> <span class='ocrx_word' id='word_1_41' title='bbox 290 610 420 679; x_wconf 57' lang='lat' dir='ltr'>erinitum,</span> <span class='ocrx_word' id='word_1_42' title='bbox 435 611 612 664; x_wconf 73' lang='lat' dir='ltr'>stabilitatem</span> <span class='ocrx_word' id='word_1_43' title='bbox 626 609 757 678; x_wconf 83' lang='lat' dir='ltr'>peditum,</span> <span class='ocrx_word' id='word_1_44' title='bbox 770 608 798 659; x_wconf 92' lang='lat' dir='ltr'>in</span> <span class='ocrx_word' id='word_1_45' title='bbox 810 621 882 674; x_wconf 88' lang='lat' dir='ltr'>proe·</span> 
     </span>
     <span class='ocr_line' id='line_1_8' title="bbox 95 689 883 761; baseline -0.003 -18"><span class='ocrx_word' id='word_1_46' title='bbox 95 690 138 743; x_wconf 73' lang='lat' dir='ltr'>ilia</span> <span class='ocrx_word' id='word_1_47' title='bbox 151 699 299 759; x_wconf 62' lang='lat' dir='ltr'>irruerantt</span> <span class='ocrx_word' id='word_1_48' title='bbox 317 708 350 746; x_wconf 82' lang='lat' dir='ltr'>uc</span> <span class='ocrx_word' id='word_1_49' title='bbox 363 701 471 747; x_wconf 87' lang='lat' dir='ltr'>tantum</span> <span class='ocrx_word' id='word_1_50' title='bbox 483 709 533 746; x_wconf 85' lang='lat' dir='ltr'>usu</span> <span class='ocrx_word' id='word_1_51' title='bbox 547 692 707 761; x_wconf 86' lang='lat' dir='ltr'>quotidiano</span> <span class='ocrx_word' id='word_1_52' title='bbox 719 689 883 744; x_wconf 80' lang='lat' dir='ltr'>erexercita·</span> 
     </span>
     <span class='ocr_line' id='line_1_9' title="bbox 94 770 883 844; baseline -0.001 -21"><span class='ocrx_word' id='word_1_53' title='bbox 94 772 168 825; x_wconf 79' lang='lat' dir='ltr'>tione</span> <span class='ocrx_word' id='word_1_54' title='bbox 181 772 310 840; x_wconf 70' lang='lat' dir='ltr'>eliciunt,</span> <span class='ocrx_word' id='word_1_55' title='bbox 327 773 375 839; x_wconf 90' lang='lat' dir='ltr'>uti,</span> <span class='ocrx_word' id='word_1_56' title='bbox 393 772 421 827; x_wconf 93' lang='lat' dir='ltr'>in</span> <span class='ocrx_word' id='word_1_57' title='bbox 440 774 539 828; x_wconf 87' lang='lat' dir='ltr'>declivi</span> <span class='ocrx_word' id='word_1_58' title='bbox 557 790 591 828; x_wconf 83' lang='lat' dir='ltr'>ac</span> <span class='ocrx_word' id='word_1_59' title='bbox 609 772 742 844; x_wconf 76' lang='lat' dir='ltr'>praecipiti</span> <span class='ocrx_word' id='word_1_60' title='bbox 760 772 830 837; x_wconf 85' lang='lat' dir='ltr'>loco,</span> <span class='ocrx_word' id='word_1_61' title='bbox 842 770 883 822; x_wconf 90' lang='lat' dir='ltr'>in-</span> 
     </span>
     <span class='ocr_line' id='line_1_10' title="bbox 93 854 883 925; baseline 0 -20"><span class='ocrx_word' id='word_1_62' title='bbox 93 856 290 925; x_wconf 60' lang='lat' dir='ltr'>citramarinas</span> <span class='ocrx_word' id='word_1_63' title='bbox 303 855 443 922; x_wconf 79' lang='lat' dir='ltr'>attatinere,</span> <span class='ocrx_word' id='word_1_64' title='bbox 456 866 484 910; x_wconf 85' lang='lat' dir='ltr'>et</span> <span class='ocrx_word' id='word_1_65' title='bbox 495 856 570 911; x_wconf 86' lang='lat' dir='ltr'>brevi</span> <span class='ocrx_word' id='word_1_66' title='bbox 580 855 715 910; x_wconf 81' lang='lat' dir='ltr'>moderari</span> <span class='ocrx_word' id='word_1_67' title='bbox 724 872 756 908; x_wconf 83' lang='lat' dir='ltr'>ac</span> <span class='ocrx_word' id='word_1_68' title='bbox 766 854 883 918; x_wconf 85' lang='lat' dir='ltr'>flectere,</span> 
     </span>
     <span class='ocr_line' id='line_1_11' title="bbox 94 937 883 1008; baseline -0.004 -19"><span class='ocrx_word' id='word_1_69' title='bbox 94 942 120 989; x_wconf 77' lang='lat' dir='ltr'>et</span> <span class='ocrx_word' id='word_1_70' title='bbox 135 952 181 1005; x_wconf 74' lang='lat' dir='ltr'>uer</span> <span class='ocrx_word' id='word_1_71' title='bbox 194 944 334 991; x_wconf 76' lang='lat' dir='ltr'>terrionem</span> <span class='ocrx_word' id='word_1_72' title='bbox 354 954 517 1007; x_wconf 81' lang='lat' dir='ltr'>percurrere,</span> <span class='ocrx_word' id='word_1_73' title='bbox 535 949 562 992; x_wconf 90' lang='lat' dir='ltr'>et</span> <span class='ocrx_word' id='word_1_74' title='bbox 581 939 608 992; x_wconf 94' lang='lat' dir='ltr'>in</span> <span class='ocrx_word' id='word_1_75' title='bbox 624 939 692 1008; x_wconf 82' lang='lat' dir='ltr'>jugo</span> <span class='ocrx_word' id='word_1_76' title='bbox 710 937 843 1001; x_wconf 79' lang='lat' dir='ltr'>insistere,</span> <span class='ocrx_word' id='word_1_77' title='bbox 855 942 883 987; x_wconf 90' lang='lat' dir='ltr'>et</span> 
     </span>
     <span class='ocr_line' id='line_1_12' title="bbox 95 1014 805 1089; baseline 0.003 -18"><span class='ocrx_word' id='word_1_78' title='bbox 95 1014 159 1071; x_wconf 80' lang='lat' dir='ltr'>lnrln</span> <span class='ocrx_word' id='word_1_79' title='bbox 172 1032 201 1071; x_wconf 72' lang='lat' dir='ltr'>ao</span> <span class='ocrx_word' id='word_1_80' title='bbox 216 1016 242 1071; x_wconf 91' lang='lat' dir='ltr'>ln</span> <span class='ocrx_word' id='word_1_81' title='bbox 256 1026 350 1072; x_wconf 73' lang='lat' dir='ltr'>carrlia</span> <span class='ocrx_word' id='word_1_82' title='bbox 363 1018 495 1073; x_wconf 70' lang='lat' dir='ltr'>citissime</span> <span class='ocrx_word' id='word_1_83' title='bbox 508 1020 628 1089; x_wconf 88' lang='lat' dir='ltr'>recipere</span> <span class='ocrx_word' id='word_1_84' title='bbox 641 1019 805 1074; x_wconf 84' lang='lat' dir='ltr'>consuerint.</span> 
     </span>
    </p>

    <p class='ocr_par' dir='ltr' id='par_1_3' title="bbox 94 1098 885 2556">
     <span class='ocr_line' id='line_1_13' title="bbox 130 1098 882 1170; baseline 0 -19"><span class='ocrx_word' id='word_1_85' title='bbox 130 1098 263 1154; x_wconf 75' lang='lat' dir='ltr'>xxxiv.</span> <span class='ocrx_word' id='word_1_86' title='bbox 285 1100 391 1169; x_wconf 72' lang='lat' dir='ltr'>Quibus</span> <span class='ocrx_word' id='word_1_87' title='bbox 405 1101 494 1170; x_wconf 79' lang='lat' dir='ltr'>rebus,</span> <span class='ocrx_word' id='word_1_88' title='bbox 511 1103 676 1170; x_wconf 84' lang='lat' dir='ltr'>perturbatis</span> <span class='ocrx_word' id='word_1_89' title='bbox 694 1101 794 1154; x_wconf 88' lang='lat' dir='ltr'>nostris</span> <span class='ocrx_word' id='word_1_90' title='bbox 806 1098 882 1152; x_wconf 85' lang='lat' dir='ltr'>novi·</span> 
     </span>
     <span class='ocr_line' id='line_1_14' title="bbox 96 1182 881 1252; baseline -0.003 -17"><span class='ocrx_word' id='word_1_91' title='bbox 96 1186 150 1235; x_wconf 75' lang='lat' dir='ltr'>tute</span> <span class='ocrx_word' id='word_1_92' title='bbox 161 1196 269 1250; x_wconf 63' lang='lat' dir='ltr'>ineunte,</span> <span class='ocrx_word' id='word_1_93' title='bbox 277 1190 399 1252; x_wconf 85' lang='lat' dir='ltr'>ternpore</span> <span class='ocrx_word' id='word_1_94' title='bbox 410 1184 642 1252; x_wconf 84' lang='lat' dir='ltr'>opportunissimo</span> <span class='ocrx_word' id='word_1_95' title='bbox 651 1184 746 1237; x_wconf 82' lang='lat' dir='ltr'>Caesar</span> <span class='ocrx_word' id='word_1_96' title='bbox 752 1182 881 1235; x_wconf 82' lang='lat' dir='ltr'>auxilium</span> 
     </span>
     <span class='ocr_line' id='line_1_15' title="bbox 97 1261 882 1334; baseline -0.001 -18"><span class='ocrx_word' id='word_1_97' title='bbox 97 1261 175 1317; x_wconf 81' lang='lat' dir='ltr'>lulltt</span> <span class='ocrx_word' id='word_1_98' title='bbox 204 1278 324 1333; x_wconf 82' lang='lat' dir='ltr'>nataque</span> <span class='ocrx_word' id='word_1_99' title='bbox 352 1264 412 1334; x_wconf 83' lang='lat' dir='ltr'>ejus</span> <span class='ocrx_word' id='word_1_100' title='bbox 440 1264 560 1320; x_wconf 82' lang='lat' dir='ltr'>adventu</span> <span class='ocrx_word' id='word_1_101' title='bbox 580 1266 673 1320; x_wconf 85' lang='lat' dir='ltr'>hostes</span> <span class='ocrx_word' id='word_1_102' title='bbox 692 1265 882 1332; x_wconf 88' lang='lat' dir='ltr'>constiterunt,</span> 
     </span>
     <span class='ocr_line' id='line_1_16' title="bbox 96 1342 882 1417; baseline 0.003 -22"><span class='ocrx_word' id='word_1_103' title='bbox 96 1342 179 1397; x_wconf 78' lang='lat' dir='ltr'>ncratrl</span> <span class='ocrx_word' id='word_1_104' title='bbox 205 1359 235 1399; x_wconf 78' lang='lat' dir='ltr'>re</span> <span class='ocrx_word' id='word_1_105' title='bbox 262 1360 296 1399; x_wconf 85' lang='lat' dir='ltr'>err</span> <span class='ocrx_word' id='word_1_106' title='bbox 323 1344 421 1401; x_wconf 84' lang='lat' dir='ltr'>timore</span> <span class='ocrx_word' id='word_1_107' title='bbox 449 1357 616 1417; x_wconf 81' lang='lat' dir='ltr'>receperunt</span> <span class='ocrx_word' id='word_1_108' title='bbox 655 1348 717 1416; x_wconf 85' lang='lat' dir='ltr'>Quo</span> <span class='ocrx_word' id='word_1_109' title='bbox 741 1347 822 1413; x_wconf 84' lang='lat' dir='ltr'>lacto,</span> <span class='ocrx_word' id='word_1_110' title='bbox 846 1345 882 1398; x_wconf 89' lang='lat' dir='ltr'>ad</span> 
     </span>
     <span class='ocr_line' id='line_1_17' title="bbox 94 1422 882 1498; baseline 0 -19"><span class='ocrx_word' id='word_1_111' title='bbox 94 1422 284 1480; x_wconf 67' lang='lat' dir='ltr'>intumentium</span> <span class='ocrx_word' id='word_1_112' title='bbox 295 1434 321 1481; x_wconf 84' lang='lat' dir='ltr'>ot</span> <span class='ocrx_word' id='word_1_113' title='bbox 334 1427 370 1482; x_wconf 84' lang='lat' dir='ltr'>atl</span> <span class='ocrx_word' id='word_1_114' title='bbox 384 1428 611 1483; x_wconf 88' lang='lat' dir='ltr'>committendum</span> <span class='ocrx_word' id='word_1_115' title='bbox 625 1430 751 1498; x_wconf 89' lang='lat' dir='ltr'>proelium</span> <span class='ocrx_word' id='word_1_116' title='bbox 764 1429 882 1481; x_wconf 91' lang='lat' dir='ltr'>alienum</span> 
     </span>
     <span class='ocr_line' id='line_1_18' title="bbox 94 1509 883 1579; baseline -0.003 -16"><span class='ocrx_word' id='word_1_117' title='bbox 94 1522 156 1563; x_wconf 78' lang='lat' dir='ltr'>caso</span> <span class='ocrx_word' id='word_1_118' title='bbox 175 1516 283 1578; x_wconf 65' lang='lat' dir='ltr'>ternpus</span> <span class='ocrx_word' id='word_1_119' title='bbox 303 1509 459 1579; x_wconf 75' lang='lat' dir='ltr'>arbitratur,</span> <span class='ocrx_word' id='word_1_120' title='bbox 481 1527 530 1564; x_wconf 84' lang='lat' dir='ltr'>suo</span> <span class='ocrx_word' id='word_1_121' title='bbox 552 1527 582 1566; x_wconf 81' lang='lat' dir='ltr'>ue</span> <span class='ocrx_word' id='word_1_122' title='bbox 603 1512 664 1565; x_wconf 91' lang='lat' dir='ltr'>loco</span> <span class='ocrx_word' id='word_1_123' title='bbox 684 1509 826 1575; x_wconf 86' lang='lat' dir='ltr'>continuit,</span> <span class='ocrx_word' id='word_1_124' title='bbox 847 1517 883 1575; x_wconf 92' lang='lat' dir='ltr'>et,</span> 
     </span>
     <span class='ocr_line' id='line_1_19' title="bbox 96 1586 883 1661; baseline 0.004 -20"><span class='ocrx_word' id='word_1_125' title='bbox 96 1586 170 1643; x_wconf 83' lang='lat' dir='ltr'>lrrnvl</span> <span class='ocrx_word' id='word_1_126' title='bbox 184 1598 306 1659; x_wconf 75' lang='lat' dir='ltr'>ternpore</span> <span class='ocrx_word' id='word_1_127' title='bbox 317 1590 481 1661; x_wconf 84' lang='lat' dir='ltr'>intermisso,</span> <span class='ocrx_word' id='word_1_128' title='bbox 491 1592 519 1646; x_wconf 89' lang='lat' dir='ltr'>in</span> <span class='ocrx_word' id='word_1_129' title='bbox 532 1602 623 1647; x_wconf 88' lang='lat' dir='ltr'>castra</span> <span class='ocrx_word' id='word_1_130' title='bbox 635 1593 756 1661; x_wconf 78' lang='lat' dir='ltr'>legiones</span> <span class='ocrx_word' id='word_1_131' title='bbox 769 1592 883 1645; x_wconf 77' lang='lat' dir='ltr'>reduxit</span> 
     </span>
     <span class='ocr_line' id='line_1_20' title="bbox 98 1669 882 1742; baseline 0.001 -19"><span class='ocrx_word' id='word_1_132' title='bbox 98 1669 172 1723; x_wconf 86' lang='lat' dir='ltr'>llum</span> <span class='ocrx_word' id='word_1_133' title='bbox 185 1670 244 1725; x_wconf 79' lang='lat' dir='ltr'>luce</span> <span class='ocrx_word' id='word_1_134' title='bbox 258 1681 395 1742; x_wconf 69' lang='lat' dir='ltr'>geruntur,</span> <span class='ocrx_word' id='word_1_135' title='bbox 409 1674 509 1728; x_wconf 72' lang='lat' dir='ltr'>nostris</span> <span class='ocrx_word' id='word_1_136' title='bbox 527 1675 655 1728; x_wconf 75' lang='lat' dir='ltr'>omnibus</span> <span class='ocrx_word' id='word_1_137' title='bbox 674 1675 823 1742; x_wconf 85' lang='lat' dir='ltr'>occupatis,</span> <span class='ocrx_word' id='word_1_138' title='bbox 837 1672 882 1741; x_wconf 92' lang='lat' dir='ltr'>qui</span> 
     </span>
     <span class='ocr_line' id='line_1_21' title="bbox 96 1751 884 1825; baseline 0.004 -20"><span class='ocrx_word' id='word_1_139' title='bbox 96 1760 172 1805; x_wconf 83' lang='lat' dir='ltr'>crunt</span> <span class='ocrx_word' id='word_1_140' title='bbox 187 1751 213 1806; x_wconf 89' lang='lat' dir='ltr'>ln</span> <span class='ocrx_word' id='word_1_141' title='bbox 233 1753 315 1821; x_wconf 65' lang='lat' dir='ltr'>auria,</span> <span class='ocrx_word' id='word_1_142' title='bbox 335 1754 429 1823; x_wconf 85' lang='lat' dir='ltr'>reliqui</span> <span class='ocrx_word' id='word_1_143' title='bbox 448 1755 637 1813; x_wconf 82' lang='lat' dir='ltr'>discesserunt</span> <span class='ocrx_word' id='word_1_144' title='bbox 678 1758 808 1825; x_wconf 83' lang='lat' dir='ltr'>Sequutae</span> <span class='ocrx_word' id='word_1_145' title='bbox 821 1764 884 1808; x_wconf 92' lang='lat' dir='ltr'>sunt</span> 
     </span>
     <span class='ocr_line' id='line_1_22' title="bbox 97 1832 884 1907; baseline 0.009 -24"><span class='ocrx_word' id='word_1_146' title='bbox 97 1832 241 1887; x_wconf 78' lang='lat' dir='ltr'>continuat</span> <span class='ocrx_word' id='word_1_147' title='bbox 251 1834 471 1903; x_wconf 82' lang='lat' dir='ltr'>compluresdies</span> <span class='ocrx_word' id='word_1_148' title='bbox 480 1846 767 1907; x_wconf 77' lang='lat' dir='ltr'>tempestates-,quaeet</span> <span class='ocrx_word' id='word_1_149' title='bbox 776 1847 884 1890; x_wconf 90' lang='lat' dir='ltr'>nostros</span> 
     </span>
     <span class='ocr_line' id='line_1_23' title="bbox 98 1912 884 1989; baseline 0.005 -21"><span class='ocrx_word' id='word_1_150' title='bbox 98 1912 124 1968; x_wconf 92' lang='lat' dir='ltr'>ln</span> <span class='ocrx_word' id='word_1_151' title='bbox 144 1915 240 1971; x_wconf 73' lang='lat' dir='ltr'>castris</span> <span class='ocrx_word' id='word_1_152' title='bbox 262 1916 441 1988; x_wconf 81' lang='lat' dir='ltr'>continerent,</span> <span class='ocrx_word' id='word_1_153' title='bbox 454 1928 480 1974; x_wconf 87' lang='lat' dir='ltr'>et</span> <span class='ocrx_word' id='word_1_154' title='bbox 500 1920 609 1974; x_wconf 87' lang='lat' dir='ltr'>hostem</span> <span class='ocrx_word' id='word_1_155' title='bbox 628 1938 645 1973; x_wconf 86' lang='lat' dir='ltr'>a</span> <span class='ocrx_word' id='word_1_156' title='bbox 663 1926 756 1989; x_wconf 73' lang='lat' dir='ltr'>pugna</span> <span class='ocrx_word' id='word_1_157' title='bbox 774 1919 884 1987; x_wconf 90' lang='lat' dir='ltr'>prohib-</span> 
     </span>
     <span class='ocr_line' id='line_1_24' title="bbox 97 1997 884 2068; baseline 0.004 -20"><span class='ocrx_word' id='word_1_158' title='bbox 97 2006 180 2051; x_wconf 80' lang='lat' dir='ltr'>erent.</span> <span class='ocrx_word' id='word_1_159' title='bbox 219 1997 331 2052; x_wconf 86' lang='lat' dir='ltr'>Interim</span> <span class='ocrx_word' id='word_1_160' title='bbox 356 1999 465 2054; x_wconf 85' lang='lat' dir='ltr'>barbari</span> <span class='ocrx_word' id='word_1_161' title='bbox 484 2000 596 2054; x_wconf 85' lang='lat' dir='ltr'>nuntios</span> <span class='ocrx_word' id='word_1_162' title='bbox 620 2002 648 2054; x_wconf 90' lang='lat' dir='ltr'>in</span> <span class='ocrx_word' id='word_1_163' title='bbox 673 2017 768 2054; x_wconf 89' lang='lat' dir='ltr'>omnes</span> <span class='ocrx_word' id='word_1_164' title='bbox 793 2009 884 2068; x_wconf 88' lang='lat' dir='ltr'>partes</span> 
     </span>
     <span class='ocr_line' id='line_1_25' title="bbox 98 2075 884 2151; baseline 0.005 -23"><span class='ocrx_word' id='word_1_165' title='bbox 98 2075 266 2148; x_wconf 75' lang='lat' dir='ltr'>dimiserunt,</span> <span class='ocrx_word' id='word_1_166' title='bbox 283 2080 504 2151; x_wconf 77' lang='lat' dir='ltr'>paucitatemque</span> <span class='ocrx_word' id='word_1_167' title='bbox 522 2091 678 2136; x_wconf 89' lang='lat' dir='ltr'>nostrorum</span> <span class='ocrx_word' id='word_1_168' title='bbox 697 2083 814 2135; x_wconf 84' lang='lat' dir='ltr'>militurn</span> <span class='ocrx_word' id='word_1_169' title='bbox 828 2081 884 2134; x_wconf 90' lang='lat' dir='ltr'>suis</span> 
     </span>
     <span class='ocr_line' id='line_1_26' title="bbox 98 2158 885 2232; baseline 0.005 -21"><span class='ocrx_word' id='word_1_170' title='bbox 98 2158 322 2228; x_wconf 71' lang='lat' dir='ltr'>praedicaverunt,</span> <span class='ocrx_word' id='word_1_171' title='bbox 343 2171 378 2231; x_wconf 90' lang='lat' dir='ltr'>et,</span> <span class='ocrx_word' id='word_1_172' title='bbox 401 2173 504 2232; x_wconf 68' lang='lat' dir='ltr'>taranta</span> <span class='ocrx_word' id='word_1_173' title='bbox 525 2165 627 2232; x_wconf 72' lang='lat' dir='ltr'>praedte</span> <span class='ocrx_word' id='word_1_174' title='bbox 648 2164 782 2218; x_wconf 71' lang='lat' dir='ltr'>faciendas</span> <span class='ocrx_word' id='word_1_175' title='bbox 802 2172 885 2231; x_wconf 85' lang='lat' dir='ltr'>atque</span> 
     </span>
     <span class='ocr_line' id='line_1_27' title="bbox 98 2239 885 2312; baseline 0.003 -19"><span class='ocrx_word' id='word_1_176' title='bbox 98 2239 126 2293; x_wconf 93' lang='lat' dir='ltr'>in</span> <span class='ocrx_word' id='word_1_177' title='bbox 156 2251 315 2312; x_wconf 82' lang='lat' dir='ltr'>perpetuum</span> <span class='ocrx_word' id='word_1_178' title='bbox 344 2243 384 2297; x_wconf 81' lang='lat' dir='ltr'>sui</span> <span class='ocrx_word' id='word_1_179' title='bbox 415 2244 549 2299; x_wconf 88' lang='lat' dir='ltr'>liberandi</span> <span class='ocrx_word' id='word_1_180' title='bbox 578 2246 694 2300; x_wconf 78' lang='lat' dir='ltr'>facultas</span> <span class='ocrx_word' id='word_1_181' title='bbox 718 2246 837 2312; x_wconf 87' lang='lat' dir='ltr'>daretur,</span> <span class='ocrx_word' id='word_1_182' title='bbox 861 2244 885 2296; x_wconf 92' lang='lat' dir='ltr'>si</span> 
     </span>
     <span class='ocr_line' id='line_1_28' title="bbox 100 2323 885 2395; baseline 0.003 -20"><span class='ocrx_word' id='word_1_183' title='bbox 100 2323 240 2377; x_wconf 79' lang='lat' dir='ltr'>Romanos</span> <span class='ocrx_word' id='word_1_184' title='bbox 250 2324 347 2379; x_wconf 82' lang='lat' dir='ltr'>castris</span> <span class='ocrx_word' id='word_1_185' title='bbox 358 2326 533 2395; x_wconf 83' lang='lat' dir='ltr'>expulissent,</span> <span class='ocrx_word' id='word_1_186' title='bbox 544 2327 807 2381; x_wconf 84' lang='lat' dir='ltr'>demonstraverunt.</span> <span class='ocrx_word' id='word_1_187' title='bbox 831 2325 885 2378; x_wconf 89' lang='lat' dir='ltr'>His</span> 
     </span>
     <span class='ocr_line' id='line_1_29' title="bbox 99 2404 884 2476; baseline 0.003 -19"><span class='ocrx_word' id='word_1_188' title='bbox 99 2404 180 2458; x_wconf 85' lang='lat' dir='ltr'>rebus</span> <span class='ocrx_word' id='word_1_189' title='bbox 193 2405 313 2460; x_wconf 87' lang='lat' dir='ltr'>celeriter</span> <span class='ocrx_word' id='word_1_190' title='bbox 325 2412 428 2476; x_wconf 77' lang='lat' dir='ltr'>magna</span> <span class='ocrx_word' id='word_1_191' title='bbox 440 2407 614 2462; x_wconf 86' lang='lat' dir='ltr'>multitudine</span> <span class='ocrx_word' id='word_1_192' title='bbox 630 2409 768 2476; x_wconf 75' lang='lat' dir='ltr'>peditatus</span> <span class='ocrx_word' id='word_1_193' title='bbox 781 2408 884 2476; x_wconf 85' lang='lat' dir='ltr'>equita·</span> 
     </span>
     <span class='ocr_line' id='line_1_30' title="bbox 99 2489 617 2556; baseline 0.006 -17"><span class='ocrx_word' id='word_1_194' title='bbox 99 2490 197 2555; x_wconf 73' lang='lat' dir='ltr'>tuaque</span> <span class='ocrx_word' id='word_1_195' title='bbox 209 2494 314 2556; x_wconf 75' lang='lat' dir='ltr'>coactu,</span> <span class='ocrx_word' id='word_1_196' title='bbox 326 2489 362 2542; x_wconf 89' lang='lat' dir='ltr'>ud</span> <span class='ocrx_word' id='word_1_197' title='bbox 375 2498 466 2544; x_wconf 85' lang='lat' dir='ltr'>castra</span> <span class='ocrx_word' id='word_1_198' title='bbox 478 2497 617 2543; x_wconf 88' lang='lat' dir='ltr'>venerunt.</span> 
     </span>
    </p>

    <p class='ocr_par' dir='ltr' id='par_1_4' title="bbox 136 2568 885 2641">
     <span class='ocr_line' id='line_1_31' title="bbox 136 2568 885 2641; baseline 0.001 -20"><span class='ocrx_word' id='word_1_199' title='bbox 136 2568 250 2624; x_wconf 79' lang='lat' dir='ltr'><strong>XXXV.</strong></span> <span class='ocrx_word' id='word_1_200' title='bbox 271 2570 372 2640; x_wconf 74' lang='lat' dir='ltr'>Caesar,</span> <span class='ocrx_word' id='word_1_201' title='bbox 403 2571 453 2627; x_wconf 90' lang='lat' dir='ltr'>etsi</span> <span class='ocrx_word' id='word_1_202' title='bbox 485 2570 566 2640; x_wconf 86' lang='lat' dir='ltr'>idem,</span> <span class='ocrx_word' id='word_1_203' title='bbox 596 2571 670 2641; x_wconf 88' lang='lat' dir='ltr'>quod</span> <span class='ocrx_word' id='word_1_204' title='bbox 702 2569 885 2640; x_wconf 86' lang='lat' dir='ltr'>superioribus</span> 
     </span>
    </p>
   </div>
   <div class='ocr_carea' id='block_1_3' title="bbox 43 2698 922 3076">
    <p class='ocr_par' dir='ltr' id='par_1_5' title="bbox 43 2698 922 3076">
     <span class='ocr_line' id='line_1_32' title="bbox 43 2698 922 3076; baseline 0.003 -13"><span class='ocrx_word' id='word_1_205' title='bbox 43 2698 922 3076; x_wconf 45' lang='lat' dir='ltr'>usk-ff.</span> 
     </span>
    </p>
   </div>
   <div class='ocr_carea' id='block_1_4' title="bbox 0 0 991 3142">
    <p class='ocr_par' dir='ltr' id='par_1_6' title="bbox 0 0 991 3142">
     <span class='ocr_line' id='line_1_33' title="bbox 0 0 991 3142; baseline 0 0"><span class='ocrx_word' id='word_1_206' title='bbox 0 0 991 3142; x_wconf 95' lang='lat' dir='ltr'> </span> 
     </span>
    </p>
   </div>
  </div>
 </body>
</html>
