1964 3142
198 250 256 305 DE
278 250 412 304 BELLO
438 251 619 322 GALLICO,
643 252 719 308 LIB.
738 253 788 308 IV.
873 265 888 321 3

97 407 230 458 magnum
248 407 393 444 numerum
417 390 559 445 civitatum
581 409 661 445 suam
679 392 736 445 vim
755 392 889 447 sustinere

96 489 153 526 non
171 489 261 542 posse
301 475 398 542 Itaque
416 481 472 526 una
489 484 614 543 exparte
633 492 650 528 a
671 475 769 528 Suevis
782 474 889 528 circiter

96 556 182 608 millia
195 572 328 624 passuum
341 566 471 610 sexcenta
488 557 546 625 agri
559 573 659 611 vacare
672 557 806 611 dicuntur.
843 558 890 611 Ad

97 639 212 691 alteram
223 647 331 706 partem
344 639 495 693 succedunt
509 639 576 693 Ubii
590 640 717 710 (quorum
729 640 780 693 fuit
792 639 889 693 civitas

97 724 190 791 ampla
202 731 285 791 atque
297 723 407 791 florens,
420 733 450 776 ut
461 733 504 776 est
517 733 614 792 captus
628 724 849 794 Germanorum),
862 733 889 778 et

63 859 70 877 ¹
96 806 272 874 pauloquam
281 816 344 859 sunt
353 805 478 874 ejusdem
487 806 596 874 generis
604 807 687 860 ceteri
695 807 890 873 humaniores;

96 897 242 956 propterea
255 889 330 957 quod
349 889 480 941 Rhenum
497 889 644 958 attingunt,
663 890 835 959 multumque
853 890 889 943 ad

96 986 144 1023 eos
152 981 319 1025 mercatores
327 971 472 1039 ventitant,
482 971 566 1040 etipsi
574 973 889 1043 propterpropinquitat·

96 1069 140 1107 em
162 1053 276 1107 Gallicis
295 1064 359 1107 sunt
378 1054 501 1108 moribus
520 1055 677 1110 assuefacti.
720 1057 783 1109 Hos
804 1072 888 1124 quum

97 1136 190 1204 Suevi,
202 1136 296 1190 multis
314 1153 388 1206 saepe
400 1137 479 1190 hellis
493 1138 605 1208 experti,
618 1147 730 1207 propter
742 1138 889 1207 amplitud-

95 1218 170 1274 inem
188 1221 408 1289 gravitatemque
426 1220 545 1274 civitatis
563 1221 664 1274 finibus
681 1222 816 1290 expellere
832 1237 898 1274 non·

95 1303 257 1370 potuissent,
270 1311 365 1356 tamen
377 1301 527 1369 vectigales
540 1302 593 1355 sibi
611 1303 743 1373 fecerunt,
755 1320 789 1357 ac
802 1304 888 1358 multo

95 1383 254 1438 humiliores
266 1385 485 1453 infirmioresque
497 1385 669 1454 redegerunt.

132 1469 180 1521 IV.
201 1470 235 1520 In
247 1467 346 1521 eadem
359 1473 443 1520 causa
461 1467 569 1521 fuerunt
589 1468 720 1537 Usipetes
739 1477 766 1522 et
779 1468 887 1523 Tench-

96 1548 173 1616 theri,
196 1565 265 1617 quos
290 1565 373 1616 supra
397 1547 524 1617 diximus,
549 1548 596 1619 qui
620 1549 774 1619 complures
799 1566 888 1603 annos

97 1633 250 1685 Suevorum
262 1631 319 1684 vim
337 1631 540 1696 sustinuerunt;
561 1631 599 1684 ad
616 1641 769 1685 extremum
785 1642 887 1699 tamen,

94 1715 168 1782 agris
182 1713 288 1783 expulsi
307 1723 334 1767 et
355 1713 449 1767 multis
471 1713 629 1768 Germaniae
650 1714 719 1768 locis
739 1715 887 1768 triennium

94 1797 196 1865 vagati,
216 1798 253 1850 ad
278 1797 408 1849 Rhenum
432 1805 622 1864 pervenerunt
661 1797 737 1865 Quas
761 1797 887 1865 regiones

95 1879 221 1948 Menapii
234 1879 399 1946 incolebant,
414 1888 441 1932 et
453 1879 490 1932 ad
501 1889 647 1950 utramque
664 1879 754 1948 ripam
767 1880 886 1933 fluminis

94 1979 185 2032 agros,
198 1962 326 2030 aedificia,
338 1961 470 2030 vicosque
482 1961 636 2026 habebant;
653 1962 703 2015 sed
713 1972 798 2016 tnntae
806 1963 886 2017 mult·

94 2045 207 2099 itudinis
227 2045 304 2098 aditu
322 2044 467 2114 perterriti,
481 2061 514 2099 ex
526 2045 570 2097 his
589 2045 722 2112 aedificiis
736 2062 798 2113 quae
812 2055 886 2099 trans

94 2129 197 2182 flumen
216 2129 380 2195 habuerant,
400 2128 628 2195 demigraverant,
643 2136 677 2195 et,
698 2127 737 2180 cis
757 2129 887 2181 Rhenum

95 2211 236 2280 dispositis
246 2210 391 2278 praesidiiS,
403 2211 557 2263 Germanos
567 2209 684 2262 transire
693 2209 885 2278 prohibebant.

95 2294 146 2362 Illi,
160 2294 255 2347 omnia
267 2295 380 2363 experti,
393 2309 479 2363 quum
491 2309 581 2362 neque
592 2293 620 2345 vi
630 2293 796 2347 contendere
805 2311 886 2363 prop-

93 2384 135 2429 ter
152 2375 277 2444 inopiam
298 2375 418 2441 navium,
432 2390 521 2443 neque
543 2375 616 2427 clam
637 2374 754 2428 transire
775 2384 886 2443 propter

93 2458 233 2513 custodias
256 2458 451 2527 Menapiorum
467 2465 588 2525 possent,
611 2457 709 2510 reverti
731 2473 761 2509 se
780 2457 808 2508 in
822 2473 886 2509 suas

92 2542 173 2596 sedes
183 2542 364 2610 regionesque
374 2540 586 2603 simulaverunt;
604 2547 640 2607 et,
650 2539 731 2592 tridui
741 2539 815 2592 viam
825 2557 885 2608 pro-

91 2625 187 2694 gressi,
205 2641 299 2677 rursus
317 2632 500 2687 reverterunt;
519 2632 610 2690 atque,
630 2622 705 2674 omni
723 2623 777 2676 hoc
790 2623 886 2676 itinere

91 2713 147 2760 una
168 2716 250 2760 nocte
275 2706 398 2775 equitatu
423 2705 557 2772 confecto,
579 2704 682 2757 inscios
698 2704 885 2773 inopinantes·

92 2807 144 2862 que
163 2790 313 2861 Menapios
332 2796 538 2859 oppresserunt,
555 2787 616 2858 uui,
632 2787 671 2840 de
687 2788 908 2839 <sermnem

476 2881 494 2914 B
502 2887 517 2915 ²
