1964 3142
178 228 236 287 nn
260 228 394 288 narro
419 227 600 300 GALcho,
624 230 699 285 rra.
718 229 768 286 rr.
839 240 867 299 1⁵
894 192 896 196 ⁵

81 389 158 428 arum
178 381 263 428 causa
281 385 412 443 moratur,
425 391 458 427 ex
477 379 580 441 magna
599 382 676 441 parte
696 372 868 425 Morinorum

81 456 117 509 ad
134 473 197 509 eum
213 457 297 524 legati
313 466 454 523 venerunt,
473 456 519 525 qui
537 455 619 508 sede
637 454 783 522 superioris
802 464 870 508 tem·

80 539 156 608 poris
177 539 293 591 consilio
313 547 483 605 excusarent,
504 537 578 606 qubd
601 537 729 590 homines
751 536 872 602 barbari,

81 631 109 674 et
133 630 236 673 nostrae
260 621 465 675 consuetudinis
491 619 618 689 imperiti,
640 620 743 672 bellum
766 620 872 687 Populo

83 704 211 755 Romano
231 702 369 772 fecissent,
387 720 472 771 seque
490 719 532 770 ea,
545 719 608 771 quae
627 701 799 770 imperasset,
817 701 872 755 fac·

82 795 158 839 turos
168 785 366 852 pollicerentur.
400 788 464 840 Hoc
475 786 527 838 sibi
538 785 605 838 satis
615 785 768 853 opportune
779 785 874 837 Caesar

82 868 217 922 accidisse
230 869 385 937 arbitratus
394 868 469 938 qubd
477 885 567 937 neque
576 877 639 937 post
648 877 755 935 tergum
765 869 873 921 hostem

83 950 235 1019 relinquere
247 953 366 1019 volebat,
375 969 466 1020 neque
477 951 542 1004 belli
555 950 675 1019 gerendi,
686 960 797 1018 propter
809 950 873 1002 anni

84 1042 201 1101 tempus,
214 1032 373 1087 facultatem
391 1034 520 1100 habebat,
534 1049 624 1101 neque
640 1034 691 1086 has
707 1033 875 1085 tantularum

83 1131 175 1168 rerum
199 1117 394 1185 occupationes
416 1116 468 1169 sibi
492 1115 643 1169 Britanniae
667 1115 875 1184 anteponendas

82 1197 233 1268 judicabat,
247 1215 380 1266 magnum
392 1200 435 1252 his
448 1199 577 1252 obsidum
593 1215 737 1252 numerum
750 1199 874 1266 imperat.

87 1279 194 1348 Quibus
218 1280 354 1350 adductis,
377 1299 424 1335 eos
446 1282 474 1334 in
495 1282 579 1335 fidem
600 1281 710 1349 recepit.
749 1281 875 1333 Navibus

86 1361 194 1415 circiter
218 1364 359 1432 octoginta
383 1364 515 1418 onerariIs
537 1364 641 1418 coactis
663 1364 875 1431 contractisque,

87 1454 153 1514 quot
175 1446 242 1498 satis
266 1463 328 1500 esse
350 1447 386 1500 ad
408 1448 477 1500 duas
502 1447 730 1514 transportandas
754 1446 876 1513 legiones

87 1526 270 1597 existimabat,
291 1529 422 1598 quicquid
443 1540 577 1599 praeterea
597 1530 711 1581 navium
732 1530 876 1595 longarum

87 1609 216 1677 habebat,
239 1612 377 1680 quaestori,
395 1612 501 1680 legatis,
520 1611 712 1683 praefectisque
732 1610 875 1664 distribuit.

89 1692 154 1744 Huc
167 1695 338 1747 accedebant
350 1695 505 1748 octodecim
518 1693 650 1748 onerariae
662 1711 755 1761 naves,
769 1711 831 1763 quae
845 1710 878 1747 ex

88 1790 121 1827 eo
133 1774 195 1828 loco
208 1777 244 1830 ab
256 1778 376 1831 millibus
392 1794 524 1846 passuum
537 1787 598 1830 octo
611 1788 693 1829 vento
706 1779 877 1843 tenebantur,

89 1859 236 1924 quominus
261 1859 289 1912 in
314 1862 433 1913 eundem
456 1869 566 1928 portum
591 1860 733 1930 pervenire
757 1868 876 1928 possent.

88 1939 151 1995 Has
161 1941 448 2011 equitibusdistribuit.
468 1944 615 2012 Reliquum
621 1944 769 1996 exercitum
777 1943 878 2010 Quinto

89 2025 195 2080 Titurio
210 2024 314 2078 Sabino
328 2035 355 2078 et
370 2026 453 2078 Lucio
463 2025 647 2078 Aurunculeio
662 2026 758 2091 Cottae,
772 2024 878 2090 legatia,

90 2109 118 2161 iu
140 2107 288 2174 Menapios
310 2117 392 2176 atque
413 2108 442 2161 in
464 2125 511 2161 eos
533 2124 620 2176 pagos
643 2108 823 2172 Morinorum,
843 2107 879 2157 ab

90 2191 189 2261 quibus
211 2191 247 2242 ad
269 2207 332 2242 enm
353 2190 436 2258 legati
457 2207 514 2242 non
533 2199 673 2256 venerant,
687 2188 880 2241 deducendum

90 2272 174 2328 dedit.
220 2273 348 2324 Publium
374 2273 521 2341 Sulpitium
546 2272 649 2324 Rufum
670 2272 791 2339 legatum
817 2287 880 2323 curn

90 2372 123 2409 eo
141 2353 278 2422 prasidio,
298 2354 373 2423 quod
395 2355 461 2407 satis
483 2371 545 2408 esse
566 2355 758 2422 arbitrabatur,
770 2362 881 2421 portum

91 2447 183 2491 tenere
193 2437 283 2505 jussit.

125 2520 236 2572 XXIII.
262 2518 315 2571 His
334 2518 489 2572 constitutis
516 2519 605 2584 rebus,
628 2526 726 2570 nactus
752 2516 881 2570 idoneam

90 2602 127 2654 ad
154 2601 341 2668 navigandum
368 2611 570 2669 tempestatem,
598 2600 678 2653 tertia
705 2599 760 2652 fere
787 2601 882 2667 vigilia

90 2682 179 2750 solvit,
200 2682 360 2752 equitesque
382 2685 411 2735 in
432 2684 589 2736 ulteriorem
613 2691 723 2750 portum
744 2682 881 2751 progredi,

90 2776 118 2822 et
135 2783 221 2822 naves
241 2769 433 2835 conscendere,
447 2777 474 2821 et
493 2785 523 2821 se
542 2767 621 2838 sequi
639 2767 739 2836 iussit.
753 2765 894 2828 aqum
