1964 3142
194 323 252 374 DE
276 324 409 378 BELLO
434 324 615 392 GALLICO,
640 324 782 378 [lanf.
870 336 883 386 7

94 460 207 530 equites,
238 463 285 531 qui
314 480 415 532 agmen
445 463 667 532 antecessissent,
697 464 883 532 praemitteret,

93 560 195 613 eosque
217 553 312 614 pugna
332 546 501 615 prohiberet;
529 546 636 615 sibique
657 546 696 600 uti
718 556 884 615 potestatem

93 626 195 680 faceret
211 626 239 678 in
252 628 340 682 Ubios
353 630 459 697 legatos
477 629 621 682 mittendi:
640 645 756 698 quorum
770 630 792 681 si
808 629 883 681 Prin·

94 708 168 776 cipes
176 727 209 762 ac
220 720 333 764 senatus
348 711 400 765 sibi
410 711 589 781 jurejurando
603 710 687 765 fidem
699 711 839 779 fecissent,
850 717 884 765 ea

94 792 325 863 conditionc,quae
333 812 350 847 a
359 795 470 848 Caesare
477 795 600 863 ferretur,
609 810 639 848 se
648 811 746 848 usuros
757 794 884 849 ostende·

92 877 176 929 bant:
193 877 230 928 ad
248 877 299 930 has
317 894 361 931 res
380 877 568 930 conficiendas
586 877 640 931 sibi
658 877 742 931 tridui
761 877 884 946 spatium

93 958 177 1012 daret.
216 960 288 1012 Haec
312 960 407 1012 omnia
432 959 527 1013 Caesar
550 960 649 1013 eodem
676 959 724 1013 illo
748 960 884 1028 pertinere

92 1040 284 1108 arbitrabatur,
309 1052 348 1110 ut,
372 1042 455 1095 tridui
478 1049 558 1096 mora
581 1043 751 1112 interposita,
778 1043 883 1112 equites

92 1126 251 1194 eoru1n‚qui
264 1127 402 1194 abessent,
415 1135 629 1180 reverterentur:
647 1136 741 1180 tamen
753 1143 815 1179 sese
827 1143 883 1180 non

92 1206 199 1274 longiirs
213 1207 333 1260 millibus
345 1224 478 1275 passuum
495 1216 613 1276 quatuor
631 1208 786 1277 aquationis
799 1214 884 1262 causa

92 1306 284 1358 processurum
304 1306 337 1343 eo
359 1290 405 1344 die
425 1290 509 1344 dixit:
527 1290 582 1344 huc
601 1299 712 1360 postero
735 1291 779 1344 die
799 1291 883 1360 quam

92 1372 306 1440 frequentissimi
325 1373 511 1441 convenirent,
529 1380 559 1424 ut
577 1371 613 1426 de
630 1390 725 1427 corum
738 1373 883 1441 postulatis

93 1465 278 1522 cognosceret.
317 1455 433 1509 Interim
444 1455 481 1508 ad
497 1456 652 1523 praefectos,
666 1455 712 1524 qui
732 1455 883 1508 cumomni

92 1538 215 1605 equitatu
235 1547 448 1605 antecesserant,
473 1537 565 1602 mittit,
588 1538 635 1606 qui
660 1538 827 1605 nuntiarent,
848 1552 884 1591 ne

92 1619 186 1673 hostes
206 1620 304 1688 proelio
324 1621 500 1685 lacesserent,
512 1626 547 1686 et,
561 1619 584 1672 si
604 1619 657 1688 ipsi
676 1621 883 1689 lacesserentur,

94 1702 267 1771 sustinerent,
280 1703 373 1773 quoad
385 1702 444 1771 ipse
457 1718 521 1756 cum
534 1702 652 1755 exercitu
665 1701 778 1771 propiis
791 1719 883 1757 acces·

94 1785 184 1838 sisset.

128 1869 195 1921 Xll.
214 1868 252 1921 At
265 1868 368 1936 hostes,
380 1867 427 1921 ubi
441 1866 559 1936 primurn
578 1877 687 1922 nostros
700 1868 805 1938 equites
819 1886 883 1923 con·

94 1960 392 2020 spexerunt—quoruin
405 1960 463 2004 erat
476 1951 597 2020 quinque
615 1951 732 2003 millium
745 1967 883 2020 numerus,

94 2051 179 2103 quum
191 2034 243 2102 ipsi
252 2051 308 2086 non
318 2035 435 2103 amplius
444 2034 616 2103 octingentos
626 2035 731 2104 equites
741 2035 884 2103 haberent,

95 2117 169 2186 quiid
181 2117 208 2185 ii,
222 2117 268 2186 qui
281 2118 467 2171 frumentandi
482 2124 566 2171 causa
580 2119 667 2170 ierant
677 2127 753 2170 trans
764 2119 884 2185 Mosam,

93 2201 218 2253 nondum
241 2199 387 2267 redierant,
406 2199 475 2254 nihil
496 2200 657 2253 timentibus
679 2203 788 2267 nostriS,
810 2200 885 2269 qudd

94 2283 177 2350 legati
202 2299 297 2335 eorum
321 2284 403 2351 paulo
428 2285 490 2336 ante
514 2300 531 2335 a
557 2284 667 2336 Caesare
692 2283 883 2352 discesserant,

95 2374 178 2433 atque
197 2365 220 2418 is
239 2366 298 2418 dies
317 2365 435 2418 induciis
454 2373 513 2418 erat
530 2366 566 2419 ab
586 2366 625 2418 eis
644 2365 885 2434 petitus—impetu

94 2448 176 2515 facto,
190 2448 312 2501 celeriter
327 2458 435 2502 nostros
454 2449 687 2516 perturbaverunt.
727 2450 831 2500 Rursus
844 2466 885 2502 re·

95 2531 255 2583 sistentibus
274 2531 384 2599 nostris,
406 2528 605 2584 consuetudine
623 2537 675 2584 sua
693 2530 729 2583 ad
741 2531 826 2598 pedes
839 2532 884 2585 de-

95 2613 234 2679 siluerunt,
247 2613 427 2682 suffossisque
441 2614 527 2682 equis,
536 2612 776 2681 compluribusque
784 2615 885 2668 nostris

96 2695 219 2764 dejectis,
240 2695 359 2764 reliquos
377 2697 405 2748 in
427 2696 521 2763 fugam
543 2697 725 2763 conjecerunt,
744 2706 827 2765 atque
849 2697 886 2749 ita

95 2778 253 2846 perterritos
273 2788 394 2844 egerunt,
411 2787 441 2830 ut
461 2795 517 2830 non
538 2779 612 2846 prius
631 2777 697 2845 fuga
714 2778 885 2845 desisterent,

96 2863 179 2931 quam
190 2860 218 2912 in
231 2867 411 2926 conspectum
420 2857 539 2925 agminis
550 2858 635 2911 nostri
645 2859 797 2912 venissent.
810 2863 891 2909 lues
