1964 3142
112 132 149 172 ιο
318 120 349 176 c.
373 121 490 193 JULJJ
511 120 698 175 cesaris

112 259 197 313 totius
214 261 349 315 exercitus
367 262 536 330 perturbatio
554 263 629 315 lacta
645 271 704 315 est:
722 262 909 330 nequeenim

112 358 198 396 naves
210 355 288 397 erant
297 345 368 411 aliae,
375 345 476 413 quibus
487 346 619 413 reportari
632 355 760 413 possent;
774 354 801 396 et
811 345 908 398 omnia

112 425 311 496 deerantquae
328 428 365 479 ad
383 427 680 480 reficiendaseususui
698 428 908 496 suntetqudd

113 509 242 562 omnibus
271 510 419 564 constabat
447 510 564 563 hiemari
591 511 620 562 in
649 511 740 563 Gallia
770 521 907 579 oportere,

113 590 280 645 {rumentum
300 592 344 646 his
363 593 391 645 in
409 593 478 647 locis
496 593 526 645 in
544 593 665 646 hiemem
686 592 827 662 provisum
848 610 907 646 non

113 683 180 726 erat

148 756 238 810 XXX.
257 757 364 825 Quibus
372 759 588 827 rebuscognitis‚
596 758 736 827 principes
744 757 906 825 Britanniae,

112 840 158 908 qui
172 850 235 908 post
247 841 376 909 proelium
389 841 493 895 iactum
503 842 540 894 ad
549 858 590 907 ea,
599 858 662 910 quae
672 842 791 909 jusserat
802 842 907 910 Caesar,

113 922 240 975 iacienda
267 934 462 989 convenerant,
487 925 558 977 inter
582 942 612 977 se
638 925 795 992 colloquuti,
819 941 907 993 quum

113 1005 217 1073 equites
243 1014 272 1058 et
296 1021 382 1059 naves
404 1016 432 1059 et
452 1006 621 1060 frumentum
645 1007 781 1060 Romanis
807 1007 908 1060 deesse

113 1086 302 1155 intelligerent,
320 1099 348 1142 et
365 1089 534 1156 paucitatem
555 1090 675 1142 militum
697 1107 730 1143 ex
752 1099 905 1143 castrorum

112 1168 259 1235 exiguitate
278 1181 486 1239 cognoscerent,
499 1189 562 1241 quae
581 1173 635 1225 hoc
655 1183 734 1225 erant
754 1173 838 1226 etiam
856 1189 906 1225 an-

112 1251 243 1320 gustiora,
263 1253 338 1323 quod
360 1253 420 1306 sine
442 1254 646 1324 impedimentis
668 1256 763 1308 Caesar
782 1254 906 1322 legiones

112 1343 355 1404 transportaverat,
389 1337 524 1405 optimum
557 1337 631 1391 iactu
666 1354 727 1391 esse
762 1339 904 1407 duxerunt,

112 1416 260 1472 rebellione
286 1417 369 1486 sacta,
394 1418 531 1472 frumento
556 1431 768 1490 commeatuque
795 1431 905 1475 nostros

112 1499 264 1568 prohibere,
283 1509 311 1554 et
328 1517 387 1553 rem
406 1501 434 1552 in
452 1501 572 1555 hiemem
590 1504 750 1571 producere,
769 1503 850 1572 qudd,
870 1504 905 1558 iis

112 1582 247 1652 superatis
271 1592 320 1637 aut
343 1582 432 1637 reditu
456 1583 617 1651 interclusis,
642 1586 783 1638 neminem
807 1596 905 1654 postea

112 1665 174 1718 belli
202 1665 337 1719 inferendi
362 1671 447 1718 causa
470 1665 499 1718 in
525 1668 698 1720 Britanniam
726 1669 904 1721 transiturum

112 1747 297 1801 confidebant.
342 1748 447 1815 ltaque,
480 1765 573 1801 rursus
604 1750 792 1817 conjuratione
821 1751 903 1819 sacta,

112 1830 244 1899 paulatim
257 1846 290 1882 ex
303 1829 401 1883 castris
414 1829 564 1898 discedere,
575 1848 608 1885 ac
621 1849 685 1884 suos
699 1833 770 1885 clam
785 1850 816 1885 ex
830 1835 903 1900 agris

113 1911 247 1965 deducere
260 1921 411 1980 coeperunt.

147 1996 251 2049 XXXI.
276 1995 312 2048 At
332 1995 435 2061 Caesar,
455 1993 506 2048 etsi
527 1995 651 2049 nondum
673 2014 766 2050 eorum
790 1998 904 2051 consilia

112 2088 286 2144 cognoverat,
300 2088 393 2131 tamen
407 2087 434 2131 et
447 2094 480 2132 ex
493 2087 593 2131 eventu
611 2077 723 2131 navium
743 2096 863 2146 suarum,
876 2091 903 2134 et

112 2176 144 2212 ex
166 2176 207 2227 cn,
227 2159 301 2229 quod
327 2160 439 2214 obsides
464 2161 530 2214 dare
555 2160 767 2226 intermiserant,
787 2162 845 2215 lore
866 2162 903 2229 id,

112 2242 185 2310 ‹ritorl
199 2242 307 2308 accidit,
318 2241 515 2310 suspicabatur.
555 2244 652 2311 ltaque
665 2244 700 2296 ad
713 2261 810 2297 omnes
822 2249 903 2297 casus

113 2325 236 2378 nnlisirlin
255 2324 451 2394 comparabat:
469 2340 535 2377 nam
554 2335 581 2378 et
599 2325 766 2380 frumentum
784 2343 818 2380 ex
831 2327 903 2394 agris

112 2408 234 2476 qnotidie
257 2407 283 2461 in
306 2416 396 2462 cnstrn
418 2407 585 2474 conserebat,
604 2417 638 2474 et,
658 2425 720 2477 qum
741 2409 903 2477 gravissime

113 2489 222 2542 nillictne
244 2500 319 2543 erunt
340 2506 433 2558 nnves,
447 2506 540 2544 eanum
561 2490 678 2544 materie
696 2500 779 2561 atque
796 2509 850 2546 aere
867 2493 902 2546 ad

113 2571 231 2640 reliquas
256 2572 418 2625 resreienrlns
442 2573 577 2639 utebatur,
599 2582 633 2639 et,
655 2588 717 2640 qure
736 2575 772 2626 ad
793 2591 840 2628 eas
859 2591 903 2629 res

112 2664 188 2707 ernnt
198 2653 307 2720 usui‚ex
317 2654 466 2708 continenti
476 2654 770 2724 comportarijubebnt.
798 2658 904 2726 ltaque,

28 2842 352 3072 ss
