1964 3142
93 210 126 252 ιο
294 202 321 255 e.
347 203 461 274 JULJJ
490 207 675 261 cAEsAan

92 339 356 410 quadringentorum
374 354 402 398 et
420 345 532 413 triginta
550 347 667 400 milhum
685 349 790 417 fuisset,
804 365 834 402 se
852 348 880 402 in

92 434 184 478 castra
201 438 368 495 receperunt.
407 430 502 482 Caesar
523 431 575 498 his,
588 447 658 500 quos
677 433 706 484 in
725 431 823 485 castris
841 448 881 484 re-

93 507 219 576 tinuerat,
233 511 393 565 discedendi
412 522 578 580 potestatem
591 515 672 580 fecit3
694 516 732 567 illi
746 514 882 583 supplicia

92 593 284 663 cruciatusque
298 596 440 648 Gallorum
449 597 536 665 veriti,
547 615 664 666 quorum
676 616 758 666 agros
767 614 881 652 vexave-

93 683 162 741 rant,
182 691 324 732 remancre
345 695 375 732 se
396 680 472 747 apud
490 696 553 733 eum
572 681 640 734 velle
654 681 788 735 dixerunt.
828 680 881 732 His

94 755 188 810 Caesar
200 759 354 814 libertatem
368 763 511 816 concessit.

127 841 204 894 XVI.
226 843 392 897 Germanico
404 846 477 898 bello
490 846 623 915 confecto,
636 845 728 899 multis
742 846 777 899 de
790 845 881 898 causis

94 921 189 976 Caesar
218 927 313 979 statuit
338 927 390 980 sibi
416 929 546 981 Rhenum
572 946 634 982 esse
664 928 881 982 transeundum:

93 1023 209 1076 quarum
230 1010 278 1063 illa
298 1011 348 1064 fuit
367 1012 529 1080 justissima,
550 1012 633 1082 qubd,
655 1030 741 1082 quum
765 1013 879 1079 videret,

94 1091 248 1146 Germanos
258 1102 315 1147 tam
325 1094 406 1147 facile
416 1095 528 1163 impelli,
537 1104 567 1148 ut
576 1096 604 1147 in
619 1096 739 1148 Galliam
748 1095 881 1161 venirent,

93 1173 150 1227 suis
162 1191 272 1244 quoque
284 1177 366 1229 rebus
384 1193 431 1229 eos
444 1176 541 1230 timere
557 1178 651 1245 voluit,
665 1194 751 1245 quum
764 1177 881 1244 intellig-

93 1266 177 1324 erent,
186 1267 213 1311 et
226 1275 308 1327 posse
325 1269 352 1313 et
364 1259 466 1313 audere
484 1261 582 1329 Populi
596 1260 716 1314 Romani
733 1260 882 1313 exercitum

95 1339 224 1394 Rhenum
244 1342 369 1397 transire.
406 1343 533 1396 Accessit
552 1343 644 1410 etiam,
660 1342 735 1411 qubd
752 1343 799 1394 illa
817 1358 881 1409 pars

94 1422 231 1491 equitatus
246 1424 393 1493 Usipetum
406 1435 433 1479 et
446 1427 471 1477 T
472 1426 694 1493 enchtherorum,
704 1441 788 1492 quam
799 1440 881 1491 supra

94 1508 309 1561 commemoravi
340 1508 484 1576 praedandi
523 1507 764 1575 frumentandique
797 1513 882 1560 causa

96 1589 207 1642 Mosam
239 1591 372 1645 transisse
399 1608 489 1660 neque
509 1592 606 1659 proelio
631 1590 793 1657 interfuisse,
819 1599 882 1657 post

94 1671 188 1740 fugam
210 1691 321 1727 suorum
344 1691 374 1727 se
393 1683 470 1727 trans
493 1673 624 1727 Rhenum.
641 1674 670 1726 in
687 1673 756 1726 fines
775 1673 882 1740 Sigam-

95 1754 206 1808 brorum
224 1766 364 1824 receperat
384 1773 468 1825 seque
481 1772 547 1808 cum
563 1755 596 1808 iis
615 1755 800 1822 conjunxerat.
837 1752 883 1805 Ad

95 1854 164 1907 quos
177 1854 261 1906 quum
277 1839 372 1890 Caesar
384 1839 495 1890 nuntios
505 1838 635 1903 misisset,
645 1837 691 1905 qui
704 1836 883 1904 postularent,

94 1936 152 1988 eos,
176 1920 222 1989 qui
248 1921 300 1974 sibi
327 1921 481 1989 Galliaque
510 1920 614 1972 bellum
641 1919 804 1984 intulissent,
831 1917 883 1970 sibi

96 2002 236 2070 dederent,
246 2003 446 2073 responderunt
457 2022 462 2056 :
476 2003 599 2071 “Populi
610 2001 729 2054 Romani
738 2000 884 2067 imperium

98 2087 226 2142 Rhenum
245 2087 339 2141 finire:
358 2087 390 2154 si,
404 2103 434 2140 se
451 2085 537 2139 invito
551 2085 705 2138 Germanos
719 2084 748 2136 in
762 2082 883 2135 Galliam

96 2171 213 2224 transire
231 2188 287 2224 non
305 2187 416 2240 aquom
428 2169 604 2236 existimaret,
618 2184 666 2221 cur
682 2165 723 2219 sui
737 2165 886 2234 quicquam

96 2270 158 2308 esse
178 2253 284 2320 imperii
305 2265 352 2307 aut
368 2252 514 2322 potestatis
533 2261 609 2305 trans
632 2251 762 2302 Rhenum
783 2247 886 2316 postul-

97 2346 155 2391 aret
166 2337 199 2389 i’'
237 2336 304 2390 Ubii
323 2345 423 2402 autem,
437 2335 483 2403 qui
502 2334 550 2386 uni
568 2350 601 2386 ex
613 2330 886 2405 Transrhenanisad

98 2420 239 2473 Caesarem
269 2419 374 2485 legatos
405 2417 547 2483 miserant,
572 2415 725 2468 amicitiam
754 2413 886 2479 fecerant,

97 2503 209 2556 obsides
240 2501 381 2563 dederant,
404 2515 571 2567 magnopere
596 2497 720 2562 orabant,
746 2497 802 2545 “ut
833 2492 886 2545 sibi

97 2585 228 2639 auxilium
252 2584 341 2648 ferret,
365 2582 438 2650 qubd
460 2581 580 2649 graviter
604 2581 639 2631 ab
660 2576 756 2632 Suevis
779 2591 885 2643 preme·

98 2676 206 2730 rentur;
227 2667 279 2732 vel,
294 2666 317 2719 si
336 2665 365 2717 id
385 2666 475 2717 facere
488 2660 716 2730 occupationibus
729 2658 887 2726 reipublicae

99 2750 295 2820 prohiberetur,
309 2748 459 2800 exereitum
478 2744 561 2799 modo
576 2744 706 2797 Rhenum
718 2748 886 2809 transporta·
