1964 3142
192 307 251 361 DE
274 308 406 361 uarro
433 309 613 377 caturca,
638 310 713 363 Lm.
734 310 783 364 ru.
868 323 881 379 ς

93 458 233 502 venerant.
272 449 446 517 Principibus
465 449 564 502 Galliae
582 449 712 517 evocatis,
734 450 829 503 Caesar
850 464 883 504 ea

93 547 154 600 quae
185 541 354 599 cognoverat
385 531 586 584 dissimulanda
620 531 672 585 sibi
708 531 883 600 existimavit,

93 630 241 682 eorumque
259 614 358 666 animis
377 613 523 682 permulsis
541 623 569 667 et
587 614 765 680 confirmatis
778 615 883 684 equita·

92 706 175 764 tuque
189 697 331 765 imperato,
344 697 446 750 bellum
463 714 527 750 cum
547 697 693 751 Germanis
711 713 806 766 gerere
819 715 883 752 con·

93 780 188 833 stituit.

126 863 192 915 VII.
221 864 262 914 Re
290 861 469 914 frumentaria
496 867 658 929 comparata
690 861 883 932 equitibusque

91 943 213 1012 delectis,
226 945 277 997 iter
289 945 318 996 in
329 961 363 998 ea
375 945 437 997 loca
453 943 543 998 facere
555 945 648 1013 coepit,
662 945 760 1014 quibus
774 945 802 997 in
815 946 882 999 Iocis

92 1044 152 1081 esse
163 1028 318 1080 Germanos
328 1026 465 1079 audiebat.
492 1027 519 1079 A
529 1027 628 1095 quibus
639 1043 724 1095 quum
732 1043 883 1095 paucorum

92 1109 197 1163 diemm
209 1110 261 1162 iter
272 1110 390 1177 abesset,
403 1108 486 1176 legati
501 1110 538 1161 ab
556 1109 599 1162 his
613 1118 753 1177 venerunt,
766 1126 883 1178 quorum

93 1193 152 1245 haec
165 1192 214 1245 fuit·
228 1192 330 1245 oratio:
349 1191 528 1244 “Germanos
547 1208 636 1260 neque
653 1192 757 1259 priores
778 1192 883 1260 Populo

93 1277 221 1328 Romano
233 1275 336 1328 bellum
356 1273 461 1334 inferre.
481 1291 571 1343 neque
591 1284 685 1327 tamen
706 1291 842 1342 recusare,
858 1275 882 1328 si

93 1357 272 1423 lacessantur,
297 1355 363 1424 quin
388 1359 472 1407 armis
496 1355 684 1420 contendant;
715 1356 790 1424 qubd
816 1357 882 1409 Ger·

91 1456 236 1492 manorum
255 1438 425 1502 consuetudo
443 1438 505 1491 haec
523 1438 558 1491 sit
571 1455 589 1490 a
609 1439 759 1508 majoribus
772 1439 881 1506 tradita,

92 1522 258 1592 quicumque
282 1521 385 1573 bellum
410 1520 536 1588 interant,
561 1521 696 1587 resistere,
720 1537 811 1589 neque
835 1521 881 1574 de·

92 1603 213 1672 precari:
232 1604 293 1656 haec
306 1612 400 1655 tamen
417 1603 515 1670 dicere,
529 1603 639 1656 venisse
658 1603 766 1670 invitos,
780 1603 881 1671 ejectos

92 1688 182 1741 domo.
222 1686 251 1740 Si
270 1703 350 1739 suam
367 1686 485 1753 gratiam
504 1686 624 1738 Romani
636 1686 729 1752 velint,
742 1703 824 1754 posse
842 1685 881 1740 eis

91 1770 171 1823 utiles
192 1785 254 1822 esse
275 1769 397 1822 amicos:
414 1768 459 1820 vel
481 1768 534 1822 sibi
555 1785 636 1836 agros
656 1768 816 1836 attribuant,
838 1768 882 1822 vel

92 1853 231 1922 patiantur
244 1869 291 1905 eos
304 1861 405 1918 tenere,
416 1867 485 1920 quos
497 1851 582 1904 armis
595 1851 776 1920 possederint.
815 1852 882 1906 Sese

92 1935 153 1988 unis
174 1934 271 1987 Suevis
290 1935 449 2001 concedere,
468 1934 567 2002 quibus
586 1951 621 1988 ne
643 1935 682 1987 dii
701 1935 813 2003 quidem
832 1934 881 1986 im-

91 2017 221 2069 mortales
248 2033 328 2085 pares
362 2032 424 2070 esse
453 2017 577 2085 possint:
607 2018 742 2085 reliquum
769 2016 881 2085 quidem

93 2100 121 2152 in
139 2107 217 2152 terris
237 2115 299 2152 esse
318 2099 466 2168 neminem,
488 2117 570 2168 quem
595 2113 651 2152 uon
670 2117 799 2169 superare
818 2116 880 2168 pos·

92 2181 170 2234 sint.''

128 2265 210 2317 VIII.
230 2263 276 2317 Ad
288 2264 349 2317 haec
363 2263 466 2329 Caesar,
479 2280 541 2333 quae
553 2264 643 2316 visum
662 2273 712 2330 est,
725 2263 879 2331 respondit3

93 2347 143 2399 sed
167 2347 253 2399 exitus
277 2346 327 2399 tuit
352 2346 493 2414 orationis,
520 2346 604 2400 “Sibi
628 2347 732 2400 nullam
754 2364 817 2401 curn
838 2347 881 2401 his

93 2429 244 2482 amicitiam
269 2446 329 2483 esse
354 2446 445 2498 posse,
470 2429 493 2482 si
518 2429 547 2482 in
572 2430 663 2482 Gallia
689 2439 881 2484 remanerent:

93 2528 182 2580 neque
194 2529 288 2565 verum
298 2529 367 2577 esse,
378 2512 424 2580 qui
438 2529 502 2565 suos
512 2512 580 2565 fines
589 2512 658 2565 tueri
669 2530 724 2564 non
736 2512 881 2580 potuerint,

93 2595 197 2647 alienos
222 2607 377 2662 occupare:
406 2611 496 2662 neque
520 2595 590 2646 ullos
615 2595 643 2645 in
669 2594 759 2646 Gallia
782 2611 882 2648 vacare

93 2693 173 2744 agros
193 2677 240 2745 qui
262 2677 330 2742 duri,
351 2685 435 2729 tantae
457 2677 613 2743 praesertim
628 2676 803 2743 multitudini,
823 2677 882 2731 sine

94 2760 192 2828 injuria
210 2760 323 2828 possint
363 2759 418 2813 Sed
437 2761 525 2826 licere,
545 2760 568 2812 si
588 2760 679 2827 velint,
699 2761 727 2813 in
746 2761 883 2815 Ubiorum

95 2842 194 2895 finibus
208 2841 358 2910 considere,
372 2858 487 2921 quorum
501 2841 555 2894 sint
567 2843 651 2912 legati
670 2843 745 2912 apud
757 2860 797 2909 se,
808 2852 837 2896 et
848 2843 885 2895 de
