1964 3142
73 187 92 242 s
285 187 313 242 c.
338 188 455 259 Jurrr
475 188 659 242 cAEsArrrs

76 327 229 382 Suevorum
237 327 342 396 injuriis
351 339 507 398 querantur,
515 339 543 383 et
552 348 569 382 a
578 345 607 383 se
615 328 745 383 auxilium
756 337 866 398 petant:

75 411 128 464 hoc
141 428 171 464 se
184 412 219 463 ab
233 411 267 464 iis
280 411 512 480 impetraturum.”

112 494 161 546 IX.
183 493 278 561 Legati
291 494 352 547 haec
365 510 395 547 se
407 495 444 546 ad
459 511 524 547 suos
536 495 669 548 relaturos
682 495 817 561 dixerunt,
829 504 865 563 et,

74 591 104 629 re
125 575 286 642 deliberata,
307 584 370 644 post
390 576 465 629 diem
486 576 597 629 tertium
615 577 651 629 ad
672 577 813 630 Caesarem
825 593 864 630 re·

75 675 217 714 versuros:
248 660 352 712 interea
375 676 411 712 ne
435 659 547 728 propius
572 675 602 712 se
624 669 715 713 castra
734 669 865 727 moveret,

76 742 219 812 petierunt.
258 743 302 796 Ne
322 741 350 794 id
371 741 483 810 quidem
505 742 600 795 Caesar
619 743 655 794 ab
674 758 706 795 se
725 742 865 811 impetrari

75 840 157 893 posse
181 824 267 879 dixit:
297 834 463 893 cognoverat
492 825 574 894 enim,
602 841 734 893 magnam
758 830 865 894 partem

76 906 213 976 equitatus
232 907 267 961 ab
286 907 319 960 iis
337 907 441 977 aliquot
460 907 557 960 diebus
575 905 639 959 ante
656 907 799 975 praedandi
812 908 864 960 iru-

77 985 274 1053 mentandique
293 990 376 1036 causa
395 984 431 1036 ad
449 984 636 1037 Ambivaritos
656 994 732 1038 trans
753 989 864 1041 Mosam

76 1069 199 1121 missam.
238 1068 299 1118 Hos
324 1065 476 1133 exspectari
503 1066 617 1134 equites,
636 1076 720 1136 atque
745 1070 804 1136 ejus
825 1071 864 1124 rei

74 1158 159 1205 causa
170 1169 277 1204 moram
290 1151 433 1220 interponi,
447 1149 638 1204 arbitrabatur.

108 1235 143 1288 Χ
164 1236 246 1287 Mosa
265 1234 375 1304 profluit
395 1251 429 1287 ex
449 1241 544 1286 monte
564 1232 683 1300 Vosego,
703 1230 749 1300 qui
771 1239 813 1285 est
833 1231 862 1283 in

73 1317 174 1370 finibus
194 1317 357 1385 Lingonum,
370 1326 405 1384 et,
424 1327 502 1385 parte
520 1314 642 1383 quadam
655 1331 688 1368 ex
708 1315 808 1367 Rheno
821 1330 861 1366 re-

73 1405 162 1469 cepta,
172 1416 235 1468 quae
242 1399 395 1467 appellatur
403 1398 527 1463 Vahalis,
536 1397 655 1450 insulam
665 1397 749 1451 efficit
762 1399 862 1450 Batav-

74 1498 160 1550 orum,
173 1498 262 1550 neque
280 1479 389 1548 longius
408 1481 443 1533 ab
457 1496 490 1532 eo
502 1479 624 1532 millibus
641 1497 775 1548 passuum
788 1490 862 1534 octo-

73 1563 151 1632 ginta
170 1563 198 1616 in
222 1563 365 1616 Oceanum
387 1560 491 1614 transit
530 1559 645 1614 Rhenus
666 1571 759 1614 autem
778 1561 864 1614 oritur

74 1663 107 1700 ex
120 1646 269 1715 Lepontiis,
284 1644 330 1714 qui
342 1645 428 1713 Alpes
441 1643 572 1712 incolunt,
580 1653 608 1696 et
620 1643 703 1711 longo
713 1644 802 1711 spatio
815 1661 864 1713 per

74 1731 143 1784 fines
157 1728 350 1796 Nantuatium‚
362 1727 562 1794 Helvetiorum,
572 1727 771 1794 Sequanorum,
783 1727 860 1780 Med·

74 1813 287 1877 iomatricorum,
322 1810 515 1876 Tribocorum,
546 1809 724 1862 Trevirorum
763 1809 863 1863 citatus

74 1897 169 1960 fertur3
202 1904 238 1964 et,
262 1893 309 1948 ubi
335 1894 449 1947 Oceano
478 1891 690 1960 appropinquat,
714 1892 742 1945 in
772 1893 864 1962 plures

74 1978 173 2031 diffluit
190 1986 291 2046 parteS,
304 1975 396 2028 multis
411 1974 624 2043 ingentibusque
643 1974 739 2027 insulis
759 1976 864 2029 effectis

77 2077 226 2128 -quarum
235 2075 298 2128 pars
309 2074 411 2126 magna
420 2074 436 2109 a
446 2057 509 2111 ieris
517 2057 697 2126 barbarisque
707 2057 864 2112 nationibus

75 2142 210 2211 incolitur,
229 2159 262 2196 ex
284 2141 383 2210 quibus
408 2150 471 2193 sunt
490 2140 536 2209 qui
555 2140 678 2208 piscibus
700 2150 784 2209 atque
805 2141 864 2193 ovis

49 2233 51 2238 '
74 2224 167 2277 avium
179 2224 271 2276 vivere
288 2222 663 2291 existimantur-multisque
681 2223 818 2291 capitibus
837 2223 865 2275 in

77 2309 219 2360 Oceanum
233 2305 329 2357 influit.

110 2391 160 2442 Xl.
183 2389 277 2442 Caesor
289 2403 375 2456 quum
387 2387 423 2440 ab
436 2387 516 2440 hoste
528 2404 584 2439 non
603 2386 721 2456 ampliirs
734 2404 866 2456 passuum

75 2471 222 2524 duodecim
235 2470 355 2523 millibus
369 2470 491 2538 ‘'abesset,
504 2481 534 2523 ut
552 2481 611 2523 erat
630 2470 817 2534 constitutum,
830 2468 866 2520 ad

76 2570 139 2608 eum
158 2555 241 2621 legati
261 2563 450 2607 revertuntur:
474 2553 530 2621 qui,
549 2553 579 2606 in
599 2551 696 2604 itinere
718 2551 866 2618 congressi,

76 2653 251 2704 magnopere,
282 2653 317 2689 ne
351 2635 460 2703 longiirs
494 2635 711 2702 progrederetur,
742 2635 865 2688 orabant.

78 2719 171 2788 Quum
191 2718 220 2770 id
241 2734 296 2770 non
317 2717 520 2786 impetrassent,
542 2716 681 2786 petebant,
700 2715 740 2769 uti
763 2716 800 2769 ad
819 2733 867 2770 eos

330 2950 381 2958 ...ω
