1964 3142
109 202 138 253 ra
312 204 339 258 C.
366 204 480 275 JULII
504 202 685 257 CAESARIS

104 344 160 395 alia
181 360 214 397 ex
236 345 308 413 navi,
331 345 549 415 quibuscumque
570 343 654 412 signis
676 360 838 414 occurrerat,
855 360 881 398 se

104 428 281 493 aggregabat,
304 444 490 496 magnoopere
514 427 748 495 perturbabantur.
787 430 880 481 Hostes

104 507 176 575 verb,
199 510 271 562 notis
297 511 425 564 omnibus
451 509 538 577 vadis,
559 509 605 561 ubi
628 526 661 562 ex
680 509 760 563 litore
783 510 880 579 aliquos

103 588 256 655 singulares
280 610 313 645 ex
338 594 401 646 navi
427 592 597 661 egredientes
621 603 829 661 conspexerant,
846 592 881 645 in·

103 670 193 725 citatis
207 674 284 742 equis
298 676 445 743 impeditos
462 675 670 728 adoriebantur:
681 674 774 743 plures
787 688 880 744 paucos

103 753 359 810 circumsistebant:
379 760 424 810 alii
444 759 479 811 ab
497 758 581 810 latere
599 764 692 825 aperto
706 756 735 809 in
748 758 880 811 universos

102 837 156 888 tela
170 839 360 906 conjiciebant.
400 841 482 908 Quod
494 855 578 909 quum
589 839 712 891 animum
726 840 881 893 advertisset

103 918 205 988 Caesar,
215 922 334 988 scaphas
347 923 491 991 longarum
503 922 622 990 navium,
632 921 697 974 item
706 920 880 989 speculatoria

101 1002 210 1069 navigia
223 1004 355 1058 militibus
367 1006 497 1075 compleri
507 1005 596 1073 jussit,
606 1014 639 1071 et,
650 1019 718 1072 quos
730 1004 880 1057 laborantes

100 1096 289 1152 conspexerat,
300 1087 333 1139 iis
344 1088 468 1140 subsidia
478 1087 662 1141 submittebat.
694 1085 799 1154 Nostri,
806 1084 880 1139 simul

100 1162 128 1214 in
145 1167 223 1219 arido
242 1170 432 1239 constiterunt,
445 1172 501 1225 suis
520 1170 645 1223 omnibus
663 1168 881 1237 consequutisin

99 1244 193 1300 hostes
210 1250 344 1317 impetum
363 1254 492 1320 fecerunt,
506 1264 588 1321 atque
600 1269 646 1305 eos
658 1251 687 1303 in
698 1250 793 1319 fugam
804 1250 880 1305 dede-

99 1340 168 1394 runt,
179 1348 268 1399 neque
278 1334 386 1401 longius
397 1337 524 1405 prosequi
535 1344 686 1405 potuerunt,
696 1333 771 1402 qubd
779 1334 880 1403 equites

98 1424 208 1463 cursum
221 1422 313 1468 tenere
327 1426 410 1485 atque
423 1419 542 1472 insulam
555 1433 652 1486 capere
664 1433 719 1469 non
731 1422 879 1485 potuerant.

100 1490 162 1544 Hoc
176 1510 261 1547 unum
275 1498 312 1550 ad
325 1499 470 1564 pristinam
483 1501 620 1554 fortunam
634 1497 736 1551 Caesari
747 1496 841 1551 defuit

131 1573 253 1630 xxvll.
276 1581 380 1634 Hostes
399 1583 497 1650 proelio
515 1582 642 1651 superati,
656 1580 736 1632 simul
753 1588 838 1647 atque
852 1592 880 1631 se

97 1666 129 1702 ex
147 1653 212 1721 suga
230 1673 401 1731 receperunt,
414 1665 507 1717 statim
521 1664 557 1716 ad
572 1665 708 1716 Caesarem
725 1660 832 1729 legatos
846 1658 879 1713 de

98 1746 165 1795 pace
178 1736 327 1793 miserunt:
341 1743 453 1797 obsides
467 1745 586 1809 daturos,
597 1757 711 1811 quaeque
722 1739 878 1808 imperasset

97 1826 156 1863 sese
175 1815 303 1887 tacturos,
317 1824 432 1887 polliciti
452 1836 522 1879 sunt.
563 1824 628 1878 Una
645 1838 708 1875 curu
724 1821 767 1873 his
782 1820 878 1889 legatis

97 1892 239 1949 Conrmius
252 1900 371 1957 Atrebas
384 1908 467 1975 venit,
480 1924 562 1976 quent
580 1922 663 1975 supra
679 1904 877 1957 demOHStHW·

96 1988 152 2025 ram
173 1992 190 2027 a
211 1978 321 2034 Caesare
340 1984 369 2037 in
389 1989 562 2042 Britanniam
581 1987 759 2058 praemissum.
796 1986 877 2039 Hunc

95 2052 131 2105 illi
150 2072 166 2107 e
184 2060 247 2111 navi
268 2079 416 2136 egressum,
436 2087 521 2139 quum
539 2072 574 2124 ad
595 2088 641 2125 eos
663 2067 775 2122 oratoris
794 2066 876 2119 modo

94 2132 264 2201 imperatoris
292 2149 425 2202 mandata
453 2153 590 2220 perferret,
619 2146 875 2220 comprehenderam

93 2222 175 2279 atque
196 2219 224 2271 in
246 2223 355 2279 vincula
377 2233 567 2300 conjecerant:
593 2246 659 2301 tum,
681 2230 776 2302 proelio
795 2228 875 2295 fauo,

94 2294 253 2385 remiserunt
275 2306 346 2357 etin
365 2315 486 2376 petenda
504 2334 573 2385 pace
591 2318 650 2387 ejus
668 2315 705 2369 rei
722 2314 832 2381 culpam
847 2312 874 2365 in

93 2374 294 2463 multitudinem
311 2392 492 2464 contulerunt,
507 2407 534 2451 et
546 2410 657 2468 propter
667 2394 873 2465 imprudentiam

92 2460 120 2501 ut
138 2470 331 2531 ignosceretur,
349 2471 511 2535 petiverunt.
551 2482 646 2533 Caesar
663 2489 780 2548 questuS,
793 2474 872 2545 (ΨΜ,

90 2542 182 2621 quum⁸
193 2538 262 2591 ultro
275 2542 303 2595 in
316 2550 505 2609 coutinentem
518 2561 616 2627 legatis
629 2561 719 2614 missis
730 2572 828 2629 pacem
838 2556 873 2611 ab

89 2620 380 2707 §epet1sseut‚bellum
393 2633 452 2687 sine
466 2648 551 2693 causa
563 2642 725 2709 intulissent,
735 2640 872 2709 ignoscere

89 2689 279 2754 imprudentiae
297 2704 372 2775 dixit,
392 2714 558 2789 obsidesque
580 2724 740 2795 imperavit:
759 2736 870 2793 quorum
916 2732 919 2795 l
