1964 3142
199 226 258 288 DE
281 221 415 290 uario
442 219 623 302 Gallice,
646 222 723 288 tra
742 230 793 288 lv.
861 237 892 286 21

104 391 188 442 quum
201 374 230 428 id
242 392 351 429 summo
364 375 456 428 studio
468 393 486 428 a
497 374 630 428 militibus
649 374 894 441 administraretur,

103 457 250 510 duodecim
262 457 380 511 navibus
393 457 512 526 amissis,
520 456 632 526 reliquis
641 465 672 510 ut
684 457 808 525 navigari
821 472 894 510 com·

104 539 186 592 mode
199 549 301 608 posset,
315 541 412 594 effecit,

138 624 261 675 XXXII.
282 625 359 675 Dum
381 640 414 676 ea
434 631 572 691 geruntur,
594 623 702 691 legione
724 640 758 676 ex
779 639 893 677 consue·

103 706 198 759 tudine
217 712 272 758 una
290 705 487 760 frumentatum
509 706 602 773 missa,
622 723 684 774 quae
703 706 892 774 appellabatur

102 789 229 855 septima,
241 805 331 857 neque
350 789 405 841 ulla
422 787 460 841 ad
478 787 507 841 id
524 798 632 856 tempus
651 788 715 842 belli
737 789 893 856 suspicione

102 871 272 938 interposita,
282 887 368 939 quum
380 887 444 939 pars
456 870 600 924 hominum
610 872 638 923 in
648 871 721 939 agris
731 880 892 938 remaneret,

102 969 166 1021 pars
188 953 272 1006 etiarn
294 953 322 1005 in
340 951 435 1007 'castra
455 953 609 1022 ventitaret,
627 953 655 1020 ii,
674 953 721 1022 qui
739 971 788 1022 pro
807 954 892 1022 portis

103 1046 255 1089 castrorum
276 1037 304 1089 in
326 1038 444 1090 statione
464 1046 550 1104 erant,
569 1037 673 1090 Caesari
694 1037 892 1096 renuntiarunt,

102 1119 242 1186 pulverem
260 1119 402 1189 majorem,
419 1119 504 1188 quarn
522 1120 691 1173 consuetudo
709 1119 799 1186 ferret,
812 1119 841 1172 in
859 1125 893 1173 ea

101 1211 179 1270 parte
200 1201 296 1270 videri,
316 1219 400 1272 quam
422 1203 450 1255 in
471 1213 579 1271 partem
601 1203 674 1270 legio
698 1202 750 1256 iter
773 1203 891 1256 fecisset.

103 1284 198 1337 Caesar
210 1285 246 1353 id,
260 1284 335 1354 quod
347 1294 414 1351 erat,
428 1285 591 1353 suspicatus,
604 1285 709 1354 aliquid
721 1285 784 1338 novi
797 1303 815 1338 a
827 1286 891 1338 bar·

101 1367 174 1420 baris
194 1368 292 1420 initum
311 1367 426 1434 consilii,
445 1369 580 1436 cohortes,
599 1385 662 1437 quae
679 1369 708 1421 in
727 1369 890 1422 stationibus

101 1459 186 1515 erant,
208 1466 302 1503 secum
326 1450 355 1502 in
379 1467 442 1503 eam
466 1461 574 1519 partem
597 1450 742 1518 proficisci,
764 1452 833 1503 duas
858 1466 890 1503 ex

100 1532 211 1600 reliquls
231 1533 258 1584 In
277 1533 425 1586 stationem
444 1532 600 1600 succedere,
613 1532 731 1601 reliquas
749 1533 851 1585 armari
863 1542 891 1586 et

100 1613 245 1667 consestirn
254 1631 316 1668 sese
326 1613 456 1684 subsequi
466 1615 555 1684 jussit
588 1614 681 1682 Quum
691 1615 772 1683 paulo
782 1614 890 1682 longiis

100 1712 117 1748 a
130 1698 227 1750 castrIs
239 1697 428 1765 processisset,
437 1713 502 1750 suos
515 1698 551 1750 ab
563 1697 690 1750 hostibus
702 1698 798 1765 premi,
807 1708 891 1766 atque

58 1802 62 1807 ·
99 1779 173 1846 aegre
198 1780 340 1846 sustinere,
361 1790 395 1846 et,
416 1779 540 1833 conserta
563 1779 680 1848 legione,
705 1797 738 1833 ex
762 1781 891 1834 omnibus

100 1862 223 1930 partibus
236 1862 292 1915 tela
304 1863 410 1932 conjici,
419 1862 543 1915 animum
555 1862 679 1916 advertit.
719 1865 795 1915 Nam
807 1861 890 1932 quod,

99 1943 176 1996 omni
194 1960 227 1997 ex
245 1945 355 2013 reliquis
374 1945 499 2014 partibus
516 1946 644 1999 demesso
663 1945 808 2011 frumento,
825 1962 889 2014 pars

100 2043 155 2079 una
167 2035 226 2080 erat
237 2027 350 2095 reliqua,
367 2028 498 2095 suspicati
517 2028 611 2080 hostes
628 2028 682 2081 huc
701 2041 809 2082 nostros
829 2044 890 2082 esse

100 2120 239 2176 venturos,
269 2120 352 2163 noctu
382 2111 411 2162 in
441 2110 517 2163 silvis
546 2111 729 2164 delituerant:
760 2122 819 2164 tum
849 2111 889 2164 di-

101 2192 488 2261 spersos,depositisarmis,In
496 2192 626 2245 metendo
635 2194 889 2262 occupatos,subito

99 2275 197 2340 adorti,
209 2276 305 2343 paucis
317 2275 476 2344 intersectis,
489 2275 607 2344 reliquos
623 2275 734 2329 incertis
747 2276 889 2330 ordinibus

98 2359 340 2427 perturbaverant:
361 2358 443 2412 simul
464 2358 588 2427 equitatu
609 2369 692 2428 atque
714 2360 819 2414 essedis
838 2359 889 2413 cir·

98 2441 303 2495 cumdederant.

134 2526 272 2577 XXXIII.
294 2525 388 2577 Genus
418 2524 472 2577 hoc
502 2534 544 2578 est
575 2541 608 2578 ex
637 2525 742 2578 essedis
772 2543 889 2595 pugnae:

98 2607 187 2676 prirnb
200 2624 249 2676 per
262 2624 357 2660 omnes
374 2617 467 2676 partes
480 2607 662 2675 perequitant,
675 2617 702 2661 et
715 2609 770 2662 tela
787 2609 889 2677 conjic-

98 2689 165 2759 iunt,
179 2700 261 2759 atque
280 2690 340 2758 ipso
359 2699 461 2742 terrore
480 2705 621 2757 equorum,
640 2699 667 2743 et
685 2693 800 2760 strepitu
818 2702 889 2745 rota·

99 2789 168 2842 rum,
189 2773 299 2826 ordines
320 2774 481 2843 plerumque
502 2773 663 2840 perturbant
669 2794 677 2839 ;
700 2784 736 2843 et,
755 2792 841 2846 quum
859 2790 890 2830 se
