1964 3142
132 246 163 302 ¹4
338 233 365 291 e.
391 233 506 309 JrJLJJ
529 234 712 293 cAEsAnrs

129 376 270 445 haberent,
283 387 331 431 aut
349 379 449 447 quibus
464 378 596 433 institutis
609 389 756 447 uterentur,
769 395 859 450 neque
872 380 919 449 qui

128 469 220 512 essent
241 460 278 513 ad
301 460 438 528 majorum
461 461 575 514 navium
598 461 802 515 multitudinem
826 462 919 516 idonei

128 547 230 610 portus,
243 543 361 610 reperire
373 553 488 611 poterat.

162 626 241 678 XXI.
255 627 301 678 Ad
311 627 371 680 haec
380 626 582 694 cognoscenda,
592 627 754 696 priusquam
766 627 917 696 periculum

127 706 237 775 faceret,
251 709 382 762 idoneum
395 725 457 762 esse
467 710 615 762 arbitratus
630 710 728 762 Caium
738 712 918 779 Volusenum,

127 805 191 843 cum
200 791 265 843 navi
274 792 357 859 longa
366 793 526 864 praemittit„
543 793 617 845 Huic
630 793 753 860 mandat,
766 793 814 861 uti,
826 795 918 860 explo-

126 872 192 925 ratis
202 874 329 926 omnibus
341 876 430 942 rebus,
442 875 478 928 ad
491 892 521 929 se
534 875 739 944 quamprimum
751 884 918 928 revertatur:

126 954 186 1023 ipse
205 973 268 1009 cum
287 958 415 1010 omnibus
434 958 521 1026 copiis
540 958 568 1010 in
587 958 713 1010 Morinos
726 958 917 1025 proficiscitur,

126 1037 201 1106 qubd
222 1039 287 1092 inde
310 1049 369 1092 erat
387 1041 566 1092 brevissimus
585 1040 614 1091 in
633 1040 807 1091 Britanniam
829 1050 917 1093 trans·

123 1118 219 1190 jectus.
242 1122 305 1173 Huc
313 1138 398 1174 naves
406 1121 529 1190 undique
538 1138 571 1174 ex
579 1121 703 1174 finitimis
714 1122 871 1188 regionibus
881 1131 916 1189 et,

125 1218 210 1272 quam
220 1204 358 1271 superiore
367 1213 465 1257 aestate
473 1204 509 1256 ad
519 1204 685 1256 Veneticum
693 1204 796 1256 bellum
806 1204 915 1273 fecerat,

124 1284 243 1338 classem
265 1286 344 1354 jubet
366 1287 520 1341 convenire.
571 1287 691 1353 Interim,
717 1286 833 1339 consilio
858 1288 916 1355 ejus

124 1370 236 1438 cognito
255 1379 283 1424 et
300 1387 350 1440 per
365 1380 531 1424 mercatores
550 1372 655 1439 perlato
673 1371 710 1424 ad
730 1370 885 1440 Britannos
899 1388 917 1424 a

124 1452 311 1521 compluribus
330 1452 388 1521 ejus
407 1452 507 1505 insulae
525 1452 682 1506 civitatibus
701 1452 738 1506 ad
756 1469 820 1506 eum
832 1454 915 1521 legati

123 1536 245 1601 veniunt,
258 1536 305 1605 qui
318 1536 499 1604 polliceantur
512 1535 622 1590 obsides
633 1536 698 1589 dare
708 1545 792 1605 atque
800 1536 915 1605 imperio

124 1617 221 1685 Populi
258 1619 378 1671 Romani
409 1619 611 1688 obtemperare.
667 1618 773 1685 Quibus
805 1619 915 1686 auditis,

123 1699 272 1753 liberaliter
289 1701 436 1770 pollicitus,
448 1702 630 1770 hortatusque
647 1710 677 1753 ut
690 1701 719 1753 in
731 1707 765 1754 ea
778 1702 915 1755 sententia

125 1793 327 1851 permanerent,
340 1801 388 1838 eos
407 1785 522 1836 domum
541 1783 662 1850 remittit,
676 1792 703 1836 et
722 1800 785 1835 cum
803 1784 847 1836 his
859 1785 916 1836 una

124 1863 914 1934 Commium-quemipse,AtrebatibussuperatiS‚rege1n

122 1944 161 1998 ibi
174 1947 361 2015 constituerat,
374 1949 451 2016 cujus
465 1957 492 2001 et
501 1947 631 2000 virtutem
641 1957 668 1999 et
678 1947 825 1999 consilium
833 1950 913 2016 prob·

121 2030 196 2098 abat,
217 2039 245 2084 et
263 2047 346 2099 quem
365 2030 418 2083 sibi
438 2030 548 2083 fidelem
566 2029 759 2095 arbitrabatur,
782 2031 913 2099 cujusque

120 2113 270 2167 auctoritas
280 2113 309 2166 in
317 2113 351 2167 iis
360 2113 516 2181 regionibus
526 2112 620 2180 magni
631 2112 912 2166 habebatur-mittit

121 2197 196 2251 Huic
209 2198 335 2266 imperat,
349 2214 417 2267 quas
431 2196 518 2265 possit
531 2196 613 2249 adeat
631 2194 766 2263 civitates,
779 2195 913 2248 hortetur-

120 2294 173 2348 que
205 2289 235 2332 ut
261 2281 359 2347 Populi
384 2278 504 2332 Romani
529 2278 613 2331 fidem
638 2286 796 2346 sequantur,
828 2294 913 2347 seque

119 2363 243 2416 celeriter
272 2361 305 2415 eb
331 2372 476 2415 venturum
500 2361 614 2414 nuntiet
661 2361 827 2429 Volusenus,
852 2377 911 2428 per·

118 2445 222 2514 spectis
235 2445 402 2513 regionibus,
412 2454 546 2512 quantum
559 2444 583 2497 ei
594 2444 732 2497 facultatis
742 2444 802 2496 dari
813 2444 909 2510 potuit,

119 2528 165 2596 qui
190 2529 254 2581 navi
279 2529 372 2596 egredi
396 2544 430 2580 ac
454 2544 484 2580 se
508 2527 633 2579 barbaris
659 2525 832 2578 committere
853 2542 910 2577 non

118 2609 239 2677 auderet,
252 2611 348 2679 quinto
361 2611 406 2663 die
418 2610 454 2661 ad
466 2609 607 2661 Caesarem
615 2600 765 2659 revertitur
770 2626 779 2672 3
792 2623 909 2676 quaeque

117 2690 155 2745 ibi
168 2693 353 2761 perspexisset
363 2691 508 2746 renuntiat.

151 2777 245 2829 XXII.
267 2777 344 2828 Dum
364 2775 392 2828 in
410 2774 453 2828 his
471 2773 539 2827 locis
559 2773 654 2825 Caesar
665 2771 777 2825 navium
788 2771 909 2842 parand-
