1964 3142
212 615 252 686 e.
305 615 447 709 Junn
503 608 752 687 cAEsnnts

142 812 220 882 DE
286 813 488 886 BELLO
551 811 827 884 GALLICO

310 1009 428 1061 munit
464 1009 661 1076 QUARTUS.

367 1218 583 1232 ᾖ*

129 1382 148 1433 Ι.
169 1381 223 1446 Et,
245 1397 307 1448 quae
326 1389 441 1448 sequuta
459 1388 509 1445 est,
531 1379 629 1445 hieme,
648 1379 695 1447 qui
720 1379 770 1431 luit
791 1395 878 1431 annus

93 1463 179 1515 Cneio
190 1463 329 1530 Pompei0‚
341 1463 439 1514 Marco
453 1462 555 1514 Crasso
568 1462 735 1528 consulibus,
750 1461 880 1528 Usipetes

94 1545 233 1611 Germani,
252 1553 279 1597 et
302 1544 368 1596 item
389 1542 568 1608 Tenchtheri,
588 1548 690 1609 magni
709 1558 772 1594 cum
791 1543 880 1594 multi-

93 1626 187 1680 tudine
203 1623 475 1690 hominum,'llumen
493 1625 622 1676 Rhenum
640 1624 811 1690 transierunt,
826 1641 880 1676 non

93 1709 174 1774 longe
184 1725 201 1759 a
210 1707 289 1774 mari,
299 1724 353 1775 quo
364 1707 478 1759 Rhenus
487 1706 582 1760 influit
621 1706 713 1759 Causa
722 1705 881 1759 transeundi

94 1789 152 1856 luit,
173 1789 254 1857 quod,
277 1790 312 1841 ab
336 1789 433 1842 Suevis
455 1789 609 1856 complures
631 1804 719 1841 annos
743 1787 882 1855 exagitati,

94 1872 165 1924 bello
196 1871 391 1939 premebantur
415 1879 441 1922 et
467 1869 634 1938 agricultura
658 1870 881 1938 prohibebantur.

95 1953 247 2005 Suevorum
259 1967 327 2018 gens
346 1960 386 2003 est
399 1952 480 2018 longe
495 1952 616 2003 maxima
629 1961 656 2004 et
674 1952 882 2004 bellicosissima

97 2034 298 2085 Germanorum
317 2033 447 2085 omnium.
486 2033 525 2085 Hi
544 2043 654 2085 centum
675 2049 761 2100 pagos
781 2034 883 2085 habere

95 2114 230 2182 dicuntur,
244 2115 387 2182 exquibus
404 2115 552 2182 quotannis
566 2115 672 2181 singula
683 2115 769 2166 millia
780 2125 882 2168 armat·

95 2211 174 2247 orum
193 2194 314 2247 bellandi
332 2201 417 2247 causi
430 2211 463 2247 ex
481 2195 581 2247 finibus
600 2196 727 2250 educunt
766 2198 882 2265 Reliqui,

96 2276 142 2344 qui
156 2277 230 2328 domi
243 2277 402 2344 manserint,
416 2294 445 2329 se
454 2285 536 2345 atque
545 2277 606 2330 illos
617 2278 700 2331 alunt.
740 2279 778 2330 Hi
792 2294 884 2333 rursu:

96 2359 212 2412 invicem
223 2376 295 2411 anno
304 2369 367 2427 post
377 2359 404 2411 in
414 2360 497 2411 armis
507 2369 584 2424 sunt;
603 2361 640 2411 illi
650 2358 724 2411 domi
733 2369 882 2413 remanent

97 2441 143 2494 Sic
162 2458 251 2509 neque
270 2441 445 2508 agricultura,
457 2458 508 2494 nee
529 2442 599 2494 ratio
622 2453 704 2510 atque
727 2459 792 2494 usus
812 2443 884 2508 belli,

96 2522 290 2576 intermittitur.
337 2523 391 2576 Sed
414 2524 512 2590 privati
534 2539 568 2575 ac
590 2524 709 2592 separati
728 2525 785 2591 agri
811 2525 883 2593 apud

98 2621 145 2657 eos
158 2604 227 2655 nihil
239 2612 281 2656 est
289 2622 296 2667 ;
315 2621 403 2672 neque
417 2605 523 2671 longius
543 2620 616 2656 anno
635 2623 775 2659 remanere
789 2624 843 2658 uno
857 2608 883 2660 in

96 2687 158 2739 loco
168 2686 305 2739 incolendi
316 2693 399 2739 causa
409 2687 479 2739 licet.
508 2688 606 2755 Neque
616 2689 731 2740 multum
739 2688 885 2754 immerito

481 2780 499 2822 li
