1964 3142
43 158 62 232 ἰή
200 204 258 258 oa
282 205 417 261 narro
442 205 624 275 catrico,
649 208 723 262 ern.
745 211 794 265 ru.
865 221 891 275 η

48 357 52 361 ·
98 345 245 417 progressi,
270 345 399 400 omnibus
427 346 559 401 membris
586 348 714 417 expediti,
743 348 893 403 notissimis

97 429 175 497 locis,
189 428 321 483 audacter
332 430 388 483 teia
401 431 576 500 conjicerent,
586 441 613 485 et
627 448 713 500 equos
726 430 893 486 insuefactos

97 511 253 566 incitarent
291 511 398 580 Quibus
423 515 504 567 rebus
529 514 616 567 nostri
641 515 784 583 perterriti,
810 525 893 584 atque

97 595 180 665 hujus
200 594 313 648 omnino
332 596 440 663 generis
459 613 560 665 pugnae
579 597 706 667 imperiti,
719 615 776 650 non
795 599 893 652 eadem

97 678 241 733 alacritate
252 694 286 731 ac
298 679 398 747 studio,
414 695 469 748 quo
487 679 516 732 in
535 679 708 748 pedestribus
727 681 765 735 uti
786 683 891 750 proeliis

96 768 308 828 consueverant,
319 761 475 815 utebantur.

132 844 222 898 XXV.
243 843 326 912 Quod
342 844 390 898 ubi
409 845 504 898 Caesar
522 841 647 899 animum
666 847 793 915 advertit,
806 865 892 904 naves

95 928 203 996 longas,
217 943 333 995 quarum
345 935 372 980 et
385 927 492 995 species
511 937 570 982 erat
588 928 715 983 barbaris
728 929 891 999 inusitatior,

96 1020 124 1065 et
136 1018 230 1063 motus
248 1008 285 1062 ad
303 1027 384 1062 usum
402 1009 562 1079 expeditior,
575 1010 689 1080 paulirm
707 1013 840 1066 removeri
856 1015 891 1068 ab

96 1092 230 1147 onerariis
255 1092 380 1161 navibus,
405 1102 433 1146 et
458 1093 541 1148 remis
562 1094 682 1162 incitari,
708 1104 735 1149 et
759 1095 796 1148 ad
819 1096 891 1151 latus

95 1175 890 1247 apertumhostiumconstitui,atqueindesundis,sagittis,

96 1258 249 1328 tormentis,
260 1260 355 1312 hostes
367 1259 483 1327 propelli
496 1274 529 1313 ac
542 1261 707 1314 summoveri
717 1260 815 1330 jussit:
828 1278 890 1330 quae

95 1357 139 1396 res
148 1357 252 1409 magno
261 1340 322 1394 usui
333 1341 434 1394 nostris
443 1340 501 1394 fuit
540 1343 624 1410 Nam,
632 1351 659 1395 et
669 1343 781 1396 navium
794 1343 890 1414 figura,

95 1434 123 1480 et
134 1439 274 1478 remorum
285 1433 371 1492 motu,
385 1432 412 1477 et
425 1422 557 1478 inusitato
572 1440 673 1492 genere
690 1434 889 1480 tormentorum

94 1505 221 1578 permoti,
249 1505 360 1559 barbari
387 1506 576 1572 constiterunt,
604 1523 638 1560 ac
664 1506 778 1575 paulirm
805 1508 889 1562 modd

95 1583 197 1658 pedem
217 1588 374 1642 retulerunt
418 1589 511 1658 Atque
529 1588 631 1642 nostris
652 1588 786 1643 militibus
807 1607 889 1645 cunc·

95 1671 227 1738 tentibus,
247 1669 368 1724 maxime
392 1680 504 1738 propter
527 1670 702 1724 altitudinem
726 1671 820 1740 maris,
841 1673 888 1742 qui

94 1753 212 1808 decimae
224 1752 340 1821 legionis
358 1751 482 1821 aquilam
499 1751 611 1821 ferebat,
626 1763 798 1808 contestatus
811 1755 886 1822 deos,

93 1847 124 1892 ut
136 1853 171 1891 ea
182 1853 226 1890 res
235 1835 338 1904 legioni
347 1835 463 1890 feliciter
472 1835 602 1904 eveniret,
616 1839 632 1867 “
642 1837 784 1911 Desilite,''
792 1838 887 1908 inquit,

96 1922 111 1951 “
120 1919 332 1986 commilitones,
351 1918 405 1972 nisi
419 1918 501 1972 vultis
521 1919 643 1987 aquilam
661 1920 787 1974 hostibus
807 1923 887 1990 prod-

89 2019 155 2056 ·ere:
179 2018 231 2069 ego
250 2010 323 2054 certe
340 2016 434 2054 meum
452 2001 610 2070 reipublicae
628 2011 711 2070 atque
730 2003 885 2070 imperatori

93 2085 215 2138 officium
228 2082 406 2152 praestitero.'’
443 2085 506 2136 Hoc
520 2101 604 2152 quum
624 2091 728 2152 magna
746 2101 813 2137 voce
829 2086 886 2137 dix·

43 2214 45 2218 .
93 2168 169 2236 isset,
182 2185 216 2220 ex
233 2167 297 2220 navi
316 2183 346 2220 se
364 2166 487 2235 projecit,
503 2176 586 2235 atque
605 2167 633 2219 in
651 2167 746 2219 hostes
766 2167 885 2235 aquilam

94 2250 163 2305 ferre
188 2249 279 2318 coepit
316 2250 390 2302 Tum
415 2249 511 2316 nostri,
535 2249 671 2302 cohortati
696 2249 767 2302 inter
792 2266 829 2317 se,
853 2266 887 2303 ne

94 2342 202 2388 tantum
216 2333 336 2386 dedecus
353 2331 551 2398 admitteretur,
566 2331 685 2384 universi
705 2349 738 2384 ex
757 2332 821 2384 navi
840 2332 886 2384 de·

93 2416 240 2472 siluerunt:
257 2415 309 2468 hos
321 2415 387 2469 item
400 2430 434 2469 ex
447 2414 577 2482 proximis
593 2414 709 2467 navibus
723 2430 809 2482 quum
822 2429 885 2466 con-

92 2499 256 2570 spexissent,
270 2496 430 2566 subsequuti
443 2496 570 2550 hostibus
583 2495 845 2564 appropinquarunt

43 2570 48 2585 ’
127 2581 232 2634 XXVI.
255 2581 410 2646 Pugnatum
427 2587 468 2631 est
482 2578 518 2630 ab
530 2577 654 2645 utrisque
666 2575 778 2640 acriter;
799 2579 885 2631 nostri

92 2671 193 2733 tamen,
206 2661 282 2731 quod
302 2678 391 2731 neque
410 2660 520 2714 ordines
540 2675 657 2726 servare,
671 2674 760 2727 neque
772 2659 886 2713 firmiter

90 2743 225 2814 insistere,
235 2760 325 2813 neque
338 2743 417 2812 signa
430 2740 560 2811 subsequi
573 2750 708 2811 poterant,
719 2750 802 2816 atque
816 2743 884 2799 alius

478 2832 498 2878 C
