1964 3142
91 194 94 200 ’
128 221 158 279 16
332 226 359 281 c,
385 225 499 296 Jurrr
522 220 704 280 cAEsAnrs

124 381 208 434 quum
230 365 259 417 id
279 366 361 433 paulo
383 365 487 419 tardius
509 376 580 419 esset
602 365 831 431 administratum,
851 367 909 434 ipse

124 447 192 500 hora
202 447 255 500 diei
267 448 373 501 circiter
383 455 480 517 quarta
486 465 549 500 cum
556 448 652 517 primis
661 448 776 500 navibus
787 448 911 501 Britann-

125 529 180 581 iam
198 529 297 597 attigit,
310 539 392 599 atque
405 530 441 582 ibi
460 530 488 581 in
502 531 628 583 omnibus
648 531 762 584 collibus
775 531 911 597 expositas

124 610 245 664 hostium
259 612 353 680 copias
366 622 486 665 armatas
499 612 648 680 conspexit.
688 613 772 680 Cujus
786 612 837 664 loci
851 612 911 663 haec

124 703 182 745 erat
203 703 316 746 natura:
341 694 412 746 adeo
436 695 575 747 montibus
600 695 723 761 angustis
748 710 824 745 mare
849 709 912 745 con·

126 774 271 842 tinebatur,
290 775 329 826 uti
348 791 382 828 ex
402 776 470 828 locis
491 775 674 843 superioribus
696 775 724 825 in
746 775 808 826 litus
829 775 913 826 telum

125 857 207 926 adjici
226 866 326 924 posset.
366 859 449 910 Hunc
468 858 504 909 ad
521 858 718 924 egrediendum
739 872 912 924 nequaquam

125 938 255 991 idoneum
277 939 423 992 arbitratus
445 939 543 1006 locum,
564 939 629 990 dum
648 939 759 1007 reliquae
778 955 862 991 naves
881 937 913 989 eb

126 1021 310 1084 convenirent,
324 1022 360 1072 ad
374 1022 471 1072 horam
484 1037 587 1073 nonam
600 1021 628 1072 in
644 1020 773 1073 anchoris
792 1030 913 1088 exspect·

127 1102 190 1154 avit.
237 1102 350 1154 Interim
378 1102 475 1168 legatis
505 1103 675 1169 tribunisque
705 1103 823 1154 militum
851 1119 913 1154 con·

127 1182 241 1247 vocatis,
254 1191 280 1234 et
293 1198 355 1250 quae
369 1198 401 1234 ex
414 1183 554 1235 Voluseno
575 1184 729 1250 cognosset,
743 1193 770 1235 et
782 1200 843 1251 quae
857 1183 913 1235 fieri

128 1265 215 1330 vellet,
235 1264 363 1330 ostendit,
383 1265 608 1333 monuitque-ut
629 1265 668 1316 rei
690 1264 815 1316 militaris
837 1265 913 1329 ratio

127 1346 246 1398 maxime
256 1356 285 1399 ut
296 1347 442 1399 maritimae
451 1363 494 1399 res
504 1348 680 1415 postularent,
688 1357 717 1399 ut
727 1363 788 1414 quae
799 1348 914 1399 celerem

82 1481 85 1487 ,
127 1438 210 1496 atquc
235 1428 392 1481 instabilem
416 1439 522 1481 motum
545 1429 754 1482 haberent—ad
772 1440 868 1480 nutum
889 1437 915 1480 et

128 1511 165 1563 ad
178 1520 285 1578 tempus
299 1526 395 1563 onmes
408 1526 451 1562 res
463 1511 499 1563 ab
511 1510 543 1562 iis
557 1510 820 1564 administrarentur.
862 1509 915 1566 His

128 1594 258 1657 dimissis
272 1604 298 1646 ct
312 1602 423 1646 ventum
441 1601 469 1645 et
486 1602 584 1645 aestum
602 1610 657 1645 uno
676 1603 800 1660 tempore
819 1599 915 1643 nactus

129 1676 288 1741 secundum,
303 1675 369 1728 dato
388 1675 467 1742 signo
485 1682 513 1727 et
530 1674 644 1728 sublatis
662 1675 797 1740 anchoris,
811 1673 916 1726 circiter

129 1759 216 1810 millia
228 1773 359 1825 passuum
368 1766 475 1824 septem
484 1756 520 1807 ab
529 1773 562 1808 eo
574 1756 636 1809 loco
648 1772 809 1826 progressus
818 1764 913 1823 aperto

130 1856 163 1892 ac
175 1840 257 1908 plano
270 1839 347 1890 litore
361 1853 446 1890 naves
459 1839 606 1891 constituit

164 1922 269 1973 XXIV.
288 1921 326 1972 At
338 1918 456 1984 barbari,
469 1919 583 1972 consilio
597 1922 786 1974 Romanorum
798 1926 916 1987 cognlto,

131 2002 273 2072 praemisso
298 2001 421 2069 equitatu
449 2009 476 2053 et
500 2000 654 2069 essedariis,
679 2019 732 2072 quo
757 2003 917 2070 plerumque

130 2101 230 2155 genere
254 2084 283 2136 in
308 2083 412 2151 proeliis
437 2082 476 2136 uti
501 2084 674 2150 consuerunt,
696 2085 805 2153 reliquis
830 2083 917 2151 copiis

131 2167 300 2236 subsequuti,
326 2175 435 2219 nostros
462 2164 578 2218 navibus
606 2165 698 2233 egredi
725 2165 915 2234 prohibebant

132 2251 200 2302 Erat
213 2249 249 2302 ob
261 2249 312 2300 has
325 2264 422 2301 causas
435 2264 545 2300 summa
564 2247 717 2313 difficultas,
731 2246 805 2314 qubd
823 2263 916 2311 naves,

132 2341 241 2400 propter
261 2330 488 2397 magnitudinem,
505 2329 559 2381 nisi
581 2329 609 2381 in
630 2330 694 2395 alt0,
711 2329 840 2381 constitui
861 2345 916 2380 non

131 2423 272 2482 poterant;
295 2413 427 2465 militibus
449 2421 549 2478 autem,
570 2411 670 2478 ignotis
691 2411 765 2476 locis,
779 2410 917 2478 impeditis

132 2496 266 2561 manibus,
280 2512 382 2562 magno
395 2504 421 2546 et
434 2494 509 2561 gravi
524 2509 663 2545 armorum
677 2508 758 2544 onere
770 2490 917 2558 oppressis,

132 2577 212 2628 simul
234 2588 260 2630 et
282 2579 316 2630 de
338 2577 454 2629 navibus
478 2576 670 2639 desiliendum,
693 2583 720 2626 et
741 2573 769 2624 in
790 2572 917 2625 fluctibus

131 2657 346 2724 consistendum,
366 2669 393 2710 et
413 2675 476 2711 cum
496 2657 621 2710 hostibus
643 2664 701 2708 erat
723 2655 917 2722 pugnandum:

132 2756 215 2811 quum
236 2740 274 2792 illi
297 2750 345 2793 aut
368 2756 399 2794 ex
422 2740 506 2806 arido,
528 2748 575 2792 aut
598 2737 740 2808 paululum
764 2736 793 2788 in
816 2752 916 2802 aquam
