1964 3142
208 255 266 308 aa
289 253 422 308 antro
447 253 626 320 carnaco,
652 255 725 305 rra
745 254 793 306 [ν.
876 269 894 322 9

111 391 187 462 Quos
197 393 247 446 sibi
259 394 353 446 Caesar
361 394 467 446 oblatos
475 393 594 461 gavisus,
603 392 675 446 illico
683 392 893 460 retinerijussit;

109 476 168 544 ipse
176 492 270 528 omnes
279 477 373 544 copias
381 476 477 529 castris
487 477 587 543 eduxit,
596 476 811 544 equitatumque,
819 475 894 545 quod

109 559 211 611 recenti
230 559 327 626 proelio
339 559 511 626 perterritum
524 576 585 612 esse
598 559 780 626 existimabat,
793 574 893 626 agmen

110 640 240 707 subsequi
253 640 341 707 jussit.

144 722 221 775 XIV.
240 722 309 775 Acie
321 722 419 789 triplici
433 723 565 789 instituta,
575 732 602 776 et
614 723 737 776 celeriter
749 733 811 776 octo
823 721 892 774 mill·

110 802 167 855 ium
187 804 284 857 itinere
302 805 437 871 confecto,
450 805 524 874 priiis
543 804 580 857 ad
597 806 717 858 hostiurn
731 815 822 858 castra
835 821 892 873 per·

109 885 193 953 venit,
203 886 287 953 quarn
298 887 364 954 quid
377 896 502 954 ageretur
521 887 651 940 Germani
663 887 762 940 sentire
773 895 891 954 possent.

111 967 173 1034 Qui,
193 967 321 1020 omnibus
343 968 424 1020 rebus
445 968 535 1020 subito
554 968 696 1035 perterriti,
710 976 736 1020 et
755 967 892 1021 celeritate

110 1049 244 1103 adventus
263 1050 357 1117 nostri,
370 1060 397 1103 et
415 1050 537 1103 discessu
552 1066 672 1116 suorum,
685 1066 773 1118 neque
786 1049 892 1102 consilii

109 1130 229 1184 habendi
248 1147 337 1199 neque
353 1148 430 1184 arma
443 1131 568 1200 capiendi
582 1132 672 1200 spatio
684 1133 756 1198 dat0,
770 1132 892 1199 perturb-

109 1223 196 1279 antur,
208 1214 337 1280 copiasne
350 1215 481 1267 adversus
494 1215 604 1267 hostem
618 1215 740 1280 educere,
754 1231 790 1266 an
803 1223 893 1266 castra

109 1295 262 1360 defendere,
272 1312 307 1346 an
321 1296 385 1363 fuga
397 1297 513 1349 salutem
523 1304 622 1363 petere,
632 1305 781 1362 praestaret.
820 1295 892 1362 Quo·

109 1393 169 1428 rum
187 1378 268 1430 timor
280 1394 364 1445 quum
377 1378 485 1431 fremitu
500 1390 526 1431 et
540 1394 673 1430 concursu
687 1377 892 1444 significaretur,

110 1459 209 1512 milites
222 1459 316 1525 nostri,
329 1459 436 1526 pristini
445 1459 498 1513 diei
511 1459 627 1528 perfidia
639 1458 752 1523 incitati,
762 1459 790 1509 in
804 1467 894 1510 castra

110 1542 268 1608 irruperunt
301 1541 426 1607 Quorum
439 1541 485 1610 qui
499 1542 621 1594 celeriter
633 1557 711 1592 arma
723 1557 821 1608 capere
833 1550 892 1607 pot·

109 1633 213 1689 uerunt,
237 1623 376 1690 paulisper
399 1623 500 1676 nostris
525 1624 692 1690 restiterunt,
717 1632 800 1691 atque
823 1622 894 1676 inter

110 1720 201 1757 carros
219 1703 470 1773 impedimentaque
489 1705 616 1771 proelium
636 1705 847 1758 commiserunt:
865 1714 893 1758 at

110 1785 212 1854 reliqua
236 1786 382 1838 multitudo
412 1802 559 1853 puerorum
590 1787 893 1855 mulierumque-nam

109 1885 172 1922 cum
193 1868 319 1921 omnibus
342 1870 398 1921 suis
419 1870 503 1921 domo
519 1879 692 1922 excesserant
712 1871 894 1937 Rhenumque

110 1951 412 2018 transierant-passim
423 1951 515 2018 lugere
526 1953 610 2019 coepit
620 1971 627 2016 ;
643 1951 679 2004 ad
690 1969 758 2020 quos
772 1962 892 2005 consect-

109 2033 197 2084 andos
211 2033 306 2085 Caesar
318 2034 470 2100 equitatum
483 2034 565 2086 misit.

145 2115 204 2167 XV.
225 2115 364 2180 Germani,
374 2125 436 2182 post
450 2125 558 2183 tergum
569 2117 687 2168 clamore
697 2117 799 2182 audito,
810 2133 894 2184 quum

110 2213 174 2248 suos
202 2197 317 2249 interfici
348 2198 479 2264 viderent,
506 2199 589 2250 armis
614 2198 728 2265 abjectis
756 2199 895 2267 signisque

111 2278 271 2331 militaribus
284 2279 394 2346 relictis,
402 2296 432 2331 se
442 2295 475 2331 ex
488 2280 585 2332 castris
598 2279 750 2348 ejecerunt:
766 2290 801 2347 et,
811 2297 895 2350 quum

111 2360 146 2411 ad
155 2360 338 2412 confluentem
350 2363 440 2413 Mosae
449 2371 476 2414 et
486 2362 576 2414 Rheni
586 2363 783 2429 pervenissent,
792 2363 896 2429 reliqua

111 2441 175 2509 fuga
195 2442 349 2509 desperata,
368 2459 470 2508 magno
489 2459 604 2495 numero
625 2443 777 2509 interfecto,
800 2442 895 2511 reliqui

111 2539 140 2575 se
167 2523 195 2574 in
217 2523 318 2576 flumen
345 2525 592 2591 praecipitaverunt,
618 2535 701 2592 atque
725 2524 763 2576 ibi
788 2524 896 2591 timore,

111 2605 278 2671 lassitudine,
296 2606 323 2657 vi
341 2605 461 2658 fluminis
479 2606 602 2673 oppressi
615 2605 759 2673 perierunt.
799 2607 896 2659 Nostri

111 2687 146 2739 ad
160 2703 244 2738 unum
257 2703 352 2738 omnes
366 2688 526 2755 incolumes,
540 2688 683 2754 perpaucis
695 2690 853 2756 vulneratis,
864 2704 897 2741 ex

112 2769 181 2823 tanti
200 2769 264 2821 belli
277 2769 382 2836 timore,
396 2786 481 2838 quum
499 2770 620 2821 hostium
634 2787 762 2824 numerus
775 2772 904 2836 capitum
