1964 3142
95 262 113 311 4
305 247 333 301 c.
359 247 475 317 Jurrr
497 247 683 301 CAESARIS

96 389 220 442 discessu
233 405 283 457 per
300 389 486 456 exploratores
505 389 635 442 certiores
653 387 727 453 facti,
741 386 800 438 sine
811 393 885 438 metu

95 480 172 524 trans
195 472 325 524 Rbeuum
345 471 374 523 in
396 487 461 523 suos
479 471 556 524 vicos
575 471 795 538 remigraverunt
832 466 885 519 His

96 553 246 608 interfectis
259 554 433 622 navibusque
451 570 547 607 eorum
566 554 715 622 occupatis,
728 553 886 621 priusquam

96 652 130 688 ea
141 653 205 705 pars
220 637 424 705 Menapiorum,
438 653 501 705 quae
519 636 588 689 citra
608 636 736 689 Rhenum
748 634 841 703 quieta
857 631 886 684 in

96 719 152 770 suis
172 718 285 770 sedibus
302 728 369 786 erat,
382 719 482 772 certior
500 718 585 786 fieret,
598 718 700 770 flumen
712 716 886 781 transierunt,

96 809 186 868 atque,
200 801 329 854 omnibus
348 817 443 853 eorum
455 801 580 854 aedificiis
593 800 742 868 occupatis,
755 799 885 866 reliquam
903 858 910 876 Ι

96 891 203 949 partem
216 882 316 935 hiemis
331 898 360 935 se
373 899 469 936 eorum
481 883 568 952 copiis
580 883 714 935 aluerunt.

131 965 164 1017 V.
185 966 239 1018 His
253 966 288 1018 de
306 966 389 1018 rebus
403 966 498 1018 Caesar
510 966 610 1018 certior
626 965 724 1030 factus,
738 972 765 1015 et
777 957 887 1014 infirmi·

96 1055 183 1098 tatem
197 1048 341 1100 Gallorum
354 1049 464 1114 veritus,
479 1048 554 1116 quod
567 1057 631 1101 sunt
643 1049 672 1100 in
684 1045 806 1100 consiliis
816 1042 887 1112 capi-

95 1129 176 1182 endis
195 1130 320 1195 mobileS,
341 1140 368 1182 et
387 1131 467 1183 novis
486 1132 648 1199 plemmque
668 1132 750 1183 rebus
770 1127 887 1192 student,

96 1211 165 1262 nihil
184 1211 229 1264 his
253 1211 483 1265 committendum
508 1214 682 1267 existimavit
721 1215 772 1265 Est
796 1220 887 1263 autern

95 1291 149 1345 hoc
164 1293 279 1346 Gallicae
291 1295 508 1362 consuetudinis,
520 1297 559 1348 uti
572 1306 599 1349 et
612 1296 739 1362 viatores,
752 1295 836 1347 etiam
848 1292 888 1344 in·

96 1374 175 1442 vitos,
188 1376 340 1429 consistere
352 1389 462 1445 cogant,
475 1387 510 1444 et,
523 1379 598 1447 quod
616 1379 733 1447 quisque
745 1393 839 1430 eorum
852 1375 888 1428 de

97 1463 207 1525 quaque
231 1473 262 1510 re
286 1458 403 1511 audierit
428 1469 476 1512 aut
501 1461 668 1528 cognoverit,
693 1470 832 1528 quaerant5
862 1468 888 1510 et

96 1549 264 1593 mercatores
282 1540 311 1592 in
329 1541 438 1610 oppidis
456 1543 555 1610 vulgus
568 1543 761 1607 circumsistat,
775 1541 885 1610 quibus·

96 1635 151 1686 que
169 1637 202 1673 ex
220 1622 378 1688 regionibus
390 1624 512 1692 veniant,
525 1642 649 1694 quasque
667 1626 705 1678 ibi
724 1642 767 1678 res
788 1640 887 1691 cogno·

95 1701 193 1768 verint,
212 1705 389 1771 pronuntiare
408 1717 516 1774 cogant.
556 1708 610 1761 His
628 1709 783 1760 rumoribus
806 1717 888 1775 atque

95 1781 283 1836 auditionibus
292 1787 410 1852 pennoti
423 1788 458 1841 de
469 1789 587 1842 summis
597 1806 672 1857 saepe
682 1791 762 1842 rebus
773 1788 888 1842 consilia

97 1861 200 1930 ineunt,
213 1881 330 1933 quorum
342 1883 390 1920 eos
403 1885 418 1921 e
430 1871 547 1938 vestigio
566 1872 700 1939 poenitere
712 1888 826 1925 necesse
838 1879 887 1936 est,

96 1958 181 2010 quum
200 1944 312 1999 incertis
333 1950 489 2003 rumoribus
511 1953 641 2019 serviant,
663 1962 690 2006 et
710 1953 834 2022 plerique
852 1952 888 2005 ad

96 2024 268 2079 voluntatem
280 2044 376 2081 eorum
388 2030 454 2084 ficta
466 2035 659 2101 respondeant.

130 2106 180 2159 Vl.
202 2109 265 2174 Qua
273 2114 473 2166 consuetudine
483 2116 602 2183 cognita,
614 2118 716 2184 Caesar,
727 2135 762 2170 ne
770 2118 887 2186 graviori

95 2186 167 2239 bello
189 2203 350 2259 occurreret,
373 2195 507 2249 maturius
527 2214 612 2266 quarn
632 2210 777 2253 consuerat
795 2201 832 2253 ad
845 2218 888 2254 ex-

94 2267 210 2319 ercitum
225 2272 413 2337 proficiscitur.
451 2278 495 2330 Ed
513 2296 599 2348 quum
617 2283 747 2350 venisset,
766 2301 807 2349 ea,
827 2299 889 2352 quae

95 2346 153 2400 sore
173 2351 328 2417 suspicatus
350 2365 416 2423 erat,
436 2358 510 2412 facta
531 2365 675 2430 cognovit3
694 2365 794 2418 missas
815 2367 888 2433 lega·

94 2429 183 2482 tiones
193 2435 356 2487 anonnullis
367 2437 523 2494 civitatibus
532 2445 568 2495 ad
579 2445 740 2514 Germanos,
747 2448 887 2501 invitatos·

94 2526 148 2577 que
160 2528 215 2580 eos,
229 2516 267 2567 uti
281 2518 317 2570 ab
337 2520 436 2573 Rheno
450 2522 638 2591 discederent;
658 2530 806 2598 omniaque
826 2547 888 2599 quae

93 2594 288 2664 postulassent,
308 2601 343 2653 ab
363 2619 393 2655 se
411 2604 469 2656 fore
486 2617 590 2673 parata
630 2610 693 2676 Qua
705 2628 755 2680 spe
774 2613 887 2666 a'dducti

95 2675 225 2728 Germani
235 2678 317 2732 latiirs
323 2683 383 2749 jam
388 2687 569 2755 vagabantur,
577 2700 605 2742 et
611 2690 639 2742 in
647 2692 717 2746 fines
724 2696 888 2749 Eburonum

92 2766 120 2813 et
134 2758 348 2833 Condrusorum,
361 2768 409 2836 qui
422 2777 487 2823 sunt
499 2771 676 2827 Trevirorum
688 2776 812 2847 clientes,
825 2796 886 2849 pcr-
