1964 3142
164 207 222 260 DE
245 206 378 260 BELLO
404 204 584 273 GALLICO,
608 204 684 258 ΜΒ.
704 204 752 257 IV.
812 215 848 258 '11

64 357 121 402 ret:
139 347 168 400 id
191 346 244 399 sibi
263 346 300 398 ad
318 346 449 398 auxilium
465 361 597 414 spemque
610 344 706 413 reliqui
720 343 852 412 temporis

65 429 131 482 satis
145 429 282 482 futurum:
294 437 403 480 tantum
415 444 476 480 esse
486 444 588 480 nomen
598 437 680 496 atque
693 427 851 494 opinionem

63 512 122 580 ejus
143 513 285 579 exercitus,
311 511 451 563 Ariovisto
474 512 554 579 pulso
577 518 605 563 et
625 510 679 562 hoc
700 509 850 562 novissimo
927 529 928 533 ¹

62 592 850 665 proeliofact0,etiamadultimasGennanorumnationes,

62 678 102 730 uti
124 678 253 745 opinione
273 687 299 730 et
318 677 441 729 amicitia
464 675 561 743 Populi
581 675 701 728 Romani
720 676 770 729 tuti
790 691 851 728 esse

62 761 177 829 possint.
223 759 345 812 Navium
363 775 494 826 magnam
513 758 623 826 copiam
643 757 680 810 ad
701 766 849 826 transport-

62 843 167 895 andum
180 841 561 909 exercitumpollicebantur.''
746 841 747 845 ’

97 925 192 977 XVII.
214 925 309 976 Caesar
326 924 370 975 his
382 924 417 976 de
430 923 529 991 causiS,
542 939 611 991 quas
625 921 848 991 commemoravi,

63 1007 193 1060 Menum
211 1006 326 1059 transire
344 1006 516 1070 decreverat;
535 1006 584 1059 sed
596 1006 712 1058 navibus
725 1005 849 1072 transire,

61 1105 152 1158 neque
177 1089 245 1142 satis
266 1097 355 1141 tutum
375 1104 437 1142 esse
460 1089 655 1155 arbitrabatur,
681 1104 769 1157 neque
793 1103 851 1140 suae

61 1189 151 1241 neque
177 1172 273 1240 Populi
300 1171 420 1224 Romani
449 1172 591 1239 dignitatis
616 1187 677 1224 esse
701 1172 847 1224 statuebat.

63 1257 169 1324 Itaque,
199 1255 251 1308 etsi
287 1271 396 1306 summa
425 1253 572 1307 difficultas
608 1254 726 1307 faciendi
756 1253 848 1322 pontis

61 1337 273 1406 proponebatur,
307 1346 418 1404 propter
450 1336 633 1404 latitudinem,
663 1336 847 1404 rapiditatem,

61 1419 290 1488 altitudinemque
305 1419 434 1485 fluminis,
451 1428 544 1472 tamen
565 1419 596 1471 id
616 1418 669 1472 sibi
682 1418 848 1473 contenden-

62 1502 137 1569 dum,
164 1509 212 1554 aut
241 1501 320 1554 aliter
344 1518 400 1554 non
430 1500 664 1554 transducendum
691 1502 848 1570 exercitum,

62 1584 244 1638 existimabat.
269 1584 417 1638 Rationem
425 1583 516 1652 pontis
524 1584 597 1636 hanc
607 1583 731 1637 instituit.
757 1585 849 1652 Tigna

61 1667 128 1720 bina
148 1667 359 1736 sesquipedalia,
380 1665 493 1735 paulurn
513 1667 550 1719 ab
571 1667 627 1719 imo
645 1677 792 1735 praeacuta,
808 1667 849 1721 dl-

61 1766 158 1803 mensa
179 1749 216 1801 ad
237 1748 410 1802 altitudinem
431 1749 561 1817 fluminiS,
583 1749 726 1802 intervallo
747 1749 849 1818 pedum

62 1831 441 1900 duorumintersejungebat.
466 1833 537 1885 Haec
547 1850 631 1901 quum
639 1832 849 1904 machinationi·

61 1916 113 1968 bus
121 1915 248 1967 immissa
258 1913 286 1966 in
295 1916 396 1968 flumen
405 1915 535 1968 defixerat
544 1915 702 1984 fistucisque
711 1916 849 1984 adegerat,

62 2015 118 2051 non
137 1998 251 2050 sublicae
271 1998 354 2049 modo
373 1998 477 2050 directa
499 1999 535 2050 ad
548 1998 782 2066 perpendiculum,
801 1998 850 2050 sed

62 2097 150 2149 prona
168 2096 201 2131 ac
220 2079 358 2147 fastigata,
371 2089 401 2133 ut
419 2081 571 2133 secundum
589 2090 717 2133 naturam
730 2080 850 2132 fluminis

63 2163 290 2232 procumberent;
311 2162 344 2214 iis
363 2163 429 2215 item
442 2163 580 2215 contraria
595 2164 670 2228 bina,
683 2163 719 2215 ad
732 2163 850 2216 eundem

63 2245 177 2297 modum
192 2244 295 2312 juncta,
309 2245 451 2298 intervallo
470 2246 572 2313 pedum
585 2246 802 2314 quadragenum,
814 2247 851 2299 ab

63 2327 190 2382 inferiore
209 2338 295 2396 parte,
308 2337 405 2381 contra
416 2328 473 2380 vim
489 2338 572 2396 atque
585 2329 717 2396 impetum
731 2329 851 2382 fluminis

63 2426 197 2463 conversa
210 2412 356 2463 statuebat.
390 2412 461 2464 Haec
471 2421 584 2480 utraque
595 2412 706 2479 insuper
718 2412 851 2478 bipedali·

62 2492 115 2545 bus
134 2493 257 2545 trabibus
280 2493 421 2560 immissiS,
440 2493 574 2562 quantiam
593 2511 687 2547 eorum
715 2494 852 2561 tignorum

59 2574 189 2643 junctura
201 2575 330 2642 distabat,
344 2575 416 2628 binis
429 2576 567 2644 utrimque
580 2576 669 2627 fibulis
683 2577 718 2628 ab
732 2583 852 2631 extrema

62 2667 141 2726 parte
160 2657 378 2712 distinebantur:
397 2659 496 2726 quibus
511 2658 638 2711 disclusis
652 2668 735 2726 atque
747 2660 775 2711 in
789 2677 853 2712 con·

63 2739 177 2792 trariam
187 2750 295 2806 partem
304 2741 441 2807 revinctis,
450 2750 528 2794 tanta
538 2751 596 2793 erat
607 2742 695 2808 operis
706 2742 867 2803 firmitudo,
