1964 3142
161 244 218 297 DE
242 243 376 298 BELLO
402 242 583 311 GALLICO,
607 242 683 296 LIB.
702 241 753 295 IV.
821 255 852 308 19

62 385 99 437 illi
119 393 224 453 partem
243 383 337 436 statim
356 383 499 451 dederuut,
518 392 632 450 partem,
646 397 680 436 ex
697 379 853 450 longinqui-

61 468 154 519 oribus
173 467 240 518 locis
260 466 428 531 arcessitam,
442 465 538 532 paucis
556 464 653 517 diebus
667 479 728 516 sese
740 464 853 516 daturos

61 550 195 602 dixerunt.
235 550 344 601 Interea
365 564 429 600 suos
450 548 598 614 remigrare
617 546 646 598 in
664 562 745 613 agros
764 546 853 614 jusse-

62 642 131 697 runt,
142 630 335 699 principesque
347 630 469 698 undique
482 629 629 681 convenire
639 638 665 681 et
675 644 706 681 se
716 627 852 681 civitates·
945 695 950 703 „

61 730 115 782 que
128 730 191 765 suas
203 713 306 766 Caesari
320 712 515 765 commendare
527 718 677 778 coeperunt

97 797 234 847 XXVIII.
256 796 309 847 His
326 796 407 847 rebus
426 809 495 862 pace
513 792 683 860 confirmata,
697 800 760 861 post
779 791 852 844 diem

62 887 197 946 quartum,
217 877 300 945 quam
322 886 363 930 est
384 877 413 929 in
433 875 606 929 Britanniam
626 884 747 940 ventum,
767 890 852 926 naves

61 959 224 1026 octodecim,
238 959 385 1028 dequibus
402 958 485 1027 supra
497 958 715 1010 demonstratum
727 965 777 1022 est,
790 971 852 1023 quae

61 1042 168 1109 equites
190 1042 363 1106 sustulerant,
382 1056 415 1093 ex
434 1039 572 1107 superiore
593 1048 673 1106 portu
693 1036 748 1090 leni
769 1046 852 1089 vento

61 1124 208 1177 solverunt.
248 1123 317 1190 Quae
330 1139 415 1191 quum
427 1122 681 1190 appropinquarent
691 1119 851 1185 Britanniae,

61 1214 88 1257 et
113 1221 146 1256 ex
171 1203 268 1256 castris
293 1204 457 1269 viderentur,
482 1211 560 1254 tanta
587 1210 737 1269 tempestas
761 1198 851 1252 subito

61 1295 156 1338 coorta
166 1295 214 1351 est,
226 1295 255 1338 ut
268 1286 343 1337 nulla
355 1301 449 1338 earum
463 1299 574 1337 cursum
586 1292 678 1335 tenere
690 1292 790 1351 posset,
802 1281 851 1334 sed

61 1367 123 1420 aliae
136 1366 242 1435 eodem,
257 1368 329 1420 unde
348 1377 425 1420 erant
443 1367 581 1434 prosectae,
594 1365 768 1427 reserrentur;
789 1363 851 1416 aliae

60 1449 98 1501 ad
110 1449 266 1502 inferiorem
285 1460 391 1518 partem
409 1449 515 1516 insulae,
528 1463 590 1516 quae
603 1456 645 1500 est
658 1446 770 1515 propius
784 1445 850 1497 solis

61 1548 198 1598 occasum,
209 1548 311 1599 magno
321 1532 362 1585 sui
374 1548 437 1585 cum
446 1530 567 1599 perleulo
580 1529 776 1596 dejicerentur:
788 1542 850 1595 quae

61 1624 162 1680 tamen,
171 1615 299 1667 anchoris
308 1613 398 1682 jactis,
408 1629 493 1682 quum
503 1612 630 1665 fluctibus
641 1611 848 1679 complerentur,

62 1697 217 1749 necessario
236 1697 353 1750 adversa
370 1705 451 1749 nocte
469 1695 499 1747 in
516 1695 603 1748 altum
620 1702 766 1761 provectae,
786 1708 848 1746 con·

61 1777 193 1831 tinentem
205 1779 362 1846 petlerunt„

95 1861 202 1914 XXIX.
222 1861 330 1913 Eadem
343 1870 424 1913 nocte
436 1858 546 1926 accidit,
554 1867 584 1912 ut
596 1866 670 1912 esset
682 1858 747 1910 luna
759 1857 849 1925 plena,

60 1942 106 2009 qui
135 1941 194 1994 dies
221 1942 372 1995 maritimos
403 1947 486 1995 aestus
516 1941 651 1994 maximos
678 1941 707 1993 in
736 1940 849 1992 Oceano

61 2022 168 2074 efficere
191 2023 345 2086 consuevit;
372 2022 527 2091 nostrisque
545 2021 575 2074 id
592 2031 651 2074 erat
672 2021 848 2088 incognitum.

62 2105 106 2156 Ita
129 2121 184 2157 uno
206 2114 329 2173 tempore
349 2113 377 2158 et
398 2105 494 2171 longas
519 2120 612 2169 naves,
634 2104 733 2171 quibus
756 2104 849 2154 Caesar

60 2187 208 2240 exercitum
232 2186 475 2255 transportandum
500 2196 650 2253 curaverat,
669 2200 794 2254 quasque
820 2184 848 2236 in

60 2266 168 2320 aridum
187 2268 361 2336 subduxerat,
375 2278 459 2321 aestus
475 2267 632 2335 complebat
638 2286 645 2331 ;
661 2277 688 2320 et
701 2266 848 2333 onerarias,

60 2366 122 2418 quae
141 2351 177 2402 ad
196 2351 331 2403 anchoras
351 2359 428 2402 erant
441 2350 577 2417 deligatae,
590 2358 740 2417 tempestas
753 2349 848 2402 afflict-

59 2431 137 2496 abat;
158 2448 247 2500 neque
260 2432 315 2484 ulla
327 2431 427 2483 nostris
440 2430 556 2482 facultas
569 2439 616 2482 aut
629 2429 848 2497 administrandi,

60 2523 107 2566 aut
137 2512 293 2588 auxiliandi,
330 2513 454 2566 dabatur.
504 2512 697 2580 Compluribus
733 2511 848 2565 navibus

60 2595 162 2662 fractis,
187 2595 298 2664 reliquae
325 2612 410 2664 quum
438 2593 685 2660 essent-funibus,
713 2594 847 2661 anchoris,

60 2677 225 2746 reliquisque
253 2677 431 2731 armamentis
457 2675 639 2728 amissis-ad
663 2676 848 2744 navigandum

16 2796 35 2853 q
60 2759 177 2828 inutiles,
202 2776 305 2827 magna
329 2761 371 2828 (id
395 2759 470 2828 quod
493 2774 606 2812 necesse
631 2768 689 2813 erat
713 2759 848 2828 accidere)

438 2851 451 2882 C
460 2854 471 2881 fl
