1964 3142
108 221 123 274 s
313 223 342 278 c.
367 223 481 294 Jvrn
504 224 688 277 cAEsfsz

108 361 203 430 punlio
216 378 249 414 ex
263 363 399 431 equitibus
412 363 511 416 nostris
529 363 725 416 interficiuntur
738 373 853 431 quatuor
864 370 891 415 et

107 445 290 513 septuaginta,
302 446 330 496 in
343 445 386 498 his
399 446 440 497 tir
456 445 629 510 fortissimus,
644 445 715 508 Piso,
728 444 890 512 Aquitanus‚

107 528 278 595 amplissimo
290 544 390 594 genere
403 539 492 590 natus,
506 529 583 594 cujus
596 544 663 579 avus
676 527 704 578 in
718 527 827 579 civitate
840 531 889 578 suti

106 625 220 675 regnum
242 610 405 673 obtinuerat,
427 609 533 661 amicus
554 610 591 660 ab
614 609 716 661 Senatu
731 618 826 660 nostro
843 623 890 674 ap·

106 692 229 759 pellatus
270 692 324 743 Hic
346 707 429 759 quum
452 691 528 743 fratri
550 691 696 743 intercluso
714 692 750 742 ab
767 690 890 742 hostibus

105 773 234 825 auxilium
248 773 336 838 ferret,
350 774 426 825 illum
435 792 468 829 ex·
481 773 602 842 periculo
612 772 725 839 eripuit:
744 772 810 839 ipse,
819 787 890 841 equo

106 856 247 908 vulnerato
260 857 392 924 dejectus,
404 856 496 924 quoad
515 855 610 922 potuit,
624 853 772 906 fortissime
785 854 889 906 restitit

107 938 200 1005 Quum
224 938 435 1003 circumventus,
458 937 551 989 multis
575 936 732 989 vulneribus
762 935 890 1003 acceptis,

105 1020 257 1084 recidisset,
271 1032 353 1087 atque
364 1020 393 1071 id
403 1019 494 1084 frater,
502 1019 549 1086 qui
555 1019 615 1085 jam
623 1018 719 1086 proelio
729 1026 890 1083 excesserat,

106 1103 198 1170 procul
207 1102 331 1154 animum
340 1101 512 1166 advertisset,
525 1100 639 1151 incitato
649 1115 719 1167 equo
727 1114 757 1151 se
766 1098 891 1150 hostibus

105 1183 202 1237 obtulit
215 1195 298 1252 atque
311 1182 468 1235 interfectus
482 1190 531 1234 est

139 1267 223 1319 Xlll.
245 1267 309 1318 Hoc
330 1265 403 1317 laeto
423 1263 529 1331 proelio,
547 1262 641 1316 Caesar
661 1278 752 1331 neque
767 1261 826 1328 jam
838 1259 890 1313 sibi

105 1348 210 1415 legatos
228 1348 380 1399 audiendos
405 1362 495 1413 neque
518 1345 691 1398 conditiones
715 1343 890 1411 accipiendas

105 1431 288 1484 arbitrabatur
304 1431 340 1481 ab
352 1429 404 1493 his,
425 1427 471 1496 qui
488 1443 537 1494 per
554 1427 649 1479 dolum
667 1435 750 1494 atque
768 1424 890 1491 insidias,

106 1513 191 1581 petiti
212 1528 291 1580 pace,
311 1511 382 1563 ultro
406 1509 509 1562 bellum
530 1508 705 1561 intulissent:
731 1515 891 1574 exspectare

106 1594 179 1657 verb,
193 1595 259 1647 dum
278 1594 399 1646 hostium
412 1591 500 1659 copiae
516 1602 688 1658 augerentur,
700 1589 890 1657 equitatusque

111 1687 296 1740 reverteretur,
309 1691 427 1728 sununae
438 1673 585 1726 dementiae
597 1688 659 1725 esse
674 1671 817 1739 judicabat
829 1690 836 1734 ;
854 1679 890 1736 et,

105 1759 217 1825 cogniti
238 1758 380 1811 Gallorum
402 1756 568 1820 infirmitate,
585 1764 719 1823 quantum
737 1753 796 1821 jam
817 1752 891 1821 apud

105 1855 152 1892 eos
161 1840 255 1892 hostes
264 1856 320 1891 uno
328 1838 425 1906 proelio
435 1836 606 1890 auctoritatis
615 1845 708 1888 essent
720 1834 890 1902 consequuti,

105 1920 242 1973 sentiebat
255 1938 261 1972 :
279 1919 379 1987 quibus
398 1918 435 1970 ad
453 1918 569 1970 consilia
581 1918 717 1985 capienda
728 1917 797 1968 nihil
810 1916 890 1985 spatii

105 2002 228 2054 dandum
256 2001 441 2054 existimabat.
488 2000 542 2051 His
573 2000 729 2051 constitutis
752 2000 843 2065 rebuS,
863 2008 891 2051 et

105 2085 219 2137 consilio
237 2100 300 2136 cum
319 2083 418 2150 legatis
435 2092 464 2135 et
481 2091 617 2150 quaestore
632 2081 843 2148 communicato,
856 2097 891 2132 ne

105 2182 187 2235 quem
205 2166 280 2218 diem
298 2182 398 2232 pugnae
417 2164 645 2232 praetermitteret,
658 2163 891 2230 opportunissima

105 2264 147 2300 res
160 2247 268 2311 accidit,
282 2247 357 2315 quod
369 2247 501 2314 postridie
513 2247 571 2314 ejus
584 2245 638 2297 diei
652 2245 743 2311 mane,
755 2245 854 2297 eadem
863 2254 890 2296 et

105 2329 218 2397 pertidia
242 2339 269 2381 et
295 2329 469 2381 simulatione
492 2328 534 2380 usi
563 2327 703 2393 Germani,
728 2326 890 2393 frequentes,

105 2412 231 2462 omnibus
251 2410 420 2479 principibus
441 2409 646 2476 majoribusque
664 2419 730 2460 natu
749 2407 890 2471 adhibitis,

104 2492 139 2542 ad
153 2509 215 2542 eum
229 2492 257 2543 in
270 2503 361 2544 castra
373 2500 521 2553 venerunt;
543 2490 633 2554 simul,
642 2500 672 2540 ut
685 2488 834 2551 dicebatur,
848 2487 888 2538 sui

105 2573 237 2639 purgandi
255 2579 348 2637 causa,
361 2573 435 2640 quod
448 2571 544 2623 contra
556 2580 639 2636 atque
650 2578 724 2620 esset
736 2567 850 2632 dictum,
863 2576 890 2618 et

105 2654 155 2720 ipsi
174 2653 313 2719 petissent,
327 2655 454 2720 proelium
466 2651 555 2719 pridie
567 2649 788 2711 commisissent;
808 2647 889 2700 simul

104 2746 140 2799 ut,
154 2735 252 2802 siquid
265 2746 386 2801 possent,
396 2734 432 2789 de
444 2733 561 2787 induciis
573 2731 694 2784 fallendo
704 2731 886 2801 impetrarent.
