1964 3142
92 247 108 291 2
299 235 327 289 c.
353 234 468 304 Jurn
490 233 675 287 cAEsAan

93 374 143 430 sed
164 374 314 427 maximam
335 384 443 442 partem
464 375 536 427 lacte
554 383 637 442 atque
660 390 759 442 pecore
778 372 881 438 vivunt,

93 458 266 526 multumque
284 466 347 510 sunt
365 457 394 509 in
412 457 619 522 venationibus;
639 473 702 525 quae
720 472 762 508 res
782 464 809 509 et
828 454 882 507 cibi

93 556 201 608 genere,
215 549 242 592 et
255 539 417 608 quotidiana
426 539 628 606 exercitatione,
642 548 669 591 et
681 538 807 590 libertate
818 537 883 589 vitae

93 621 187 692 (qubd,
210 639 227 674 a
246 622 338 691 pueris
359 622 434 676 nullo
457 621 547 675 officio
566 631 614 674 aut
632 620 779 689 disciplina
791 635 883 672 assue-

93 704 167 772 facti,
187 705 387 758 nihilomnino
407 714 504 758 contra
524 704 693 757 voluntatem
713 703 836 770 faciant),
857 710 884 754 et

93 787 165 840 vires
175 786 231 854 alit,
242 795 268 840 et
277 787 392 840 immani
402 803 548 857 corporum
557 785 747 853 magnitudine
757 785 883 837 homines

94 869 184 923 efficit.
215 870 419 939 Atqueineam
427 888 456 926 se
467 871 695 924 consuetudinem
704 869 883 936 adduxerunt,

94 962 124 1005 ut
139 951 207 1005 locis
225 953 410 1021 frigidissimis
429 970 520 1022 neque
537 953 660 1020 vestitus,
673 961 773 1021 praeter
790 952 884 1020 pelleS,

82 1035 216 1088 'habeant
240 1036 388 1105 quicquam
414 1036 540 1106 (quarum
568 1045 679 1104 propter
709 1035 885 1102 exiguitatem

94 1134 197 1185 magna
221 1127 263 1172 est
287 1119 409 1188 corporis
434 1135 498 1186 pars
523 1119 638 1188 aperta),
664 1126 692 1171 et
712 1119 838 1170 laventur
857 1117 885 1169 in

95 1199 261 1254 fluminibus.

132 1283 170 1336 ΙΙ.
191 1282 392 1337 Mercatoribus
411 1292 453 1337 est
471 1283 508 1337 ad
525 1299 573 1337 eos
586 1283 678 1336 aditus
690 1283 780 1350 magis
793 1282 834 1349 eb,
848 1290 885 1349 ut,

96 1381 158 1434 quae
170 1366 243 1418 bello
262 1366 391 1434 ceperint,
405 1366 504 1434 quibus
516 1366 647 1433 vendant,
659 1366 788 1434 habeant,
802 1365 887 1433 quam

96 1447 151 1516 qub
169 1449 255 1501 ullam
273 1466 331 1501 rem
350 1449 387 1502 ad
399 1466 429 1503 se
441 1449 583 1517 importari
601 1449 764 1502 desiderent.
801 1448 886 1516 Quin-

96 1531 180 1583 etiam
194 1531 334 1600 jumentiS,
356 1531 456 1600 quibus
476 1531 596 1584 maxime
619 1531 710 1584 Gallia
728 1530 885 1596 delectatur,

97 1631 213 1682 quaeque
231 1615 358 1683 impenso
372 1625 471 1684 parant
486 1615 583 1683 pretio,
602 1613 732 1667 Germani
746 1613 887 1680 importat·

96 1696 152 1749 itiis
176 1713 233 1749 non
254 1706 382 1751 utuntur:
408 1697 458 1750 sed
477 1713 540 1765 quae
560 1706 624 1749 sunt
644 1696 719 1764 apud
741 1711 788 1747 eos
813 1704 887 1760 nata,

97 1794 183 1846 parva
195 1788 278 1846 atque
290 1779 431 1844 deformia,
445 1780 506 1832 haec
516 1778 676 1847 quotidiana
686 1776 887 1842 exercitatione,

98 1861 198 1914 summi
208 1870 238 1913 ut
246 1861 301 1914 sint
308 1860 417 1928 laboris,
427 1860 555 1913 efficiunt.
594 1859 775 1927 Equestribus
784 1858 888 1926 proeliis

98 1960 173 2012 saepe
199 1959 232 1996 ex
260 1943 338 2012 equis
362 1943 492 1997 desiliunt
516 1959 549 1997 ac
577 1943 694 2012 pedibus
718 1942 888 2012 proeliantur,

98 2041 237 2094 equosque
262 2025 360 2079 eodem
384 2041 527 2079 remanere
548 2024 664 2092 vestigio
688 2024 885 2092 assuefaciunt3

98 2107 135 2160 ad
159 2125 228 2176 qnos
253 2125 283 2161 se
307 2108 438 2175 celeriter,
464 2123 550 2176 quum
573 2124 640 2160 usus
663 2116 714 2175 est,
739 2107 889 2174 recipiunt:

98 2205 187 2258 neque
200 2208 295 2243 eorum
307 2190 431 2244 moribus
443 2190 548 2259 turpius
559 2189 708 2258 quicquam
718 2197 766 2242 aut
776 2189 888 2242 inertius

99 2273 223 2339 habetur,
243 2272 327 2341 quarn
349 2272 487 2341 ephippiis
507 2273 555 2327 uti.
594 2273 693 2341 Itaque
709 2272 745 2325 ad
764 2272 889 2340 quemvis

99 2371 244 2407 numerum
263 2355 484 2424 ephippiatorum
503 2354 635 2424 equitum,
654 2354 780 2423 quamvis
799 2354 889 2422 pauci,

100 2436 175 2488 adire
187 2434 297 2488 audent.
334 2436 439 2488 Vinum
452 2436 488 2488 ad
502 2452 531 2489 se
549 2437 663 2489 omnino
679 2436 820 2504 importari
833 2452 889 2488 non

100 2521 200 2584 sinunt,
211 2518 286 2587 quod
295 2525 328 2571 ea
335 2536 364 2571 re
373 2520 410 2572 ad
417 2520 541 2572 laborem
548 2519 692 2573 ferendum
699 2519 890 2571 remollescere

100 2602 226 2654 homines
239 2611 322 2670 atque
334 2601 486 2655 effeminari
499 2600 672 2654 arbitrantur.

136 2686 190 2737 ΙΙΙ.
212 2684 325 2738 Publice
333 2685 484 2737 maximam
492 2691 591 2754 putant
603 2699 665 2737 esse
676 2683 796 2752 laudem,
806 2684 890 2753 quarn

100 2765 527 2821 latissinreasuisfiribusvacare
535 2765 690 2834 agros:hac
697 2782 727 2819 re
734 2765 891 2837 significari,
